2744 4656
515 452 532 523 ᾖ
551 457 580 513 4.
624 453 702 508 Sed.

135 588 223 660 Quod
246 587 384 648 Handius
407 586 433 660 (Ι
448 590 520 664 425,
536 591 567 658 8)
591 588 734 649 (1333131
757 588 889 649 indicare
912 606 974 646 rem
993 590 1172 647 contrariam

52 693 101 748 aut
124 696 231 750 contra
254 691 435 767 oppositam,
457 690 515 748 3331
537 708 596 751 non
620 709 787 768 opponere,
814 690 866 749 scd
890 707 1050 748 secernere
1073 693 1103 748 et
1124 709 1173 766 ap-

52 811 162 868 ponere
194 792 240 862 id,
271 793 351 870 quod
382 792 627 867 distinguendum
658 792 811 870 videatur,
841 794 869 852 ln
899 794 1070 853 universum
1093 797 1174 853 certe

53 900 130 954 recte
153 895 344 955 observatum
368 898 429 965 est,
458 895 511 954 sed
540 895 585 966 id,
616 895 698 972 quod
727 895 886 954 maximum
914 896 993 955 inter
1022 896 1077 954 has
1099 895 1175 955 duas

52 997 213 1075 particulas
253 998 410 1057 intercedit
448 997 622 1074 discrimen,
660 997 828 1058 distinctius
873 998 1017 1057 indicavit
1058 998 1175 1058 Keilius

52 1098 233 1172 (Observatt.
252 1102 372 1160 mittin
390 1102 525 1177 Propert.
542 1101 611 1160 diss.
626 1103 722 1161 Bonn.
739 1104 820 1161 1843
844 1119 873 1177 p.
888 1103 927 1160 41
943 1099 1039 1176 seqq.)
1063 1100 1174 1160 docens

53 1204 81 1262 in
102 1204 160 1262 3331
180 1205 360 1281 plerumque
382 1206 481 1263 inesse
504 1205 563 1263 vim
587 1204 771 1281 corrigendi,
797 1205 839 1263 ita
861 1203 995 1282 quidem,
1022 1208 1068 1279 ut,
1095 1204 1174 1280 quod

52 1305 79 1366 in
102 1307 302 1383 praecedente
332 1308 480 1367 sententia
504 1306 615 1366 dictum
645 1309 698 1382 sit,
729 1326 788 1367 non
812 1325 935 1384 prorsus
957 1307 1092 1376 tollatur,
1123 1306 1175 1366 sed

53 1410 220 1469 accuratius
244 1409 412 1486 deliniatur.
458 1428 495 1469 ex
518 1410 576 1469 hac
599 1410 756 1486 primitiva
778 1409 944 1485 particulae
971 1410 1000 1467 vi
1024 1410 1177 1485 pleraque,

53 1530 221 1588 quanquam
245 1531 305 1572 non
329 1513 441 1586 omnia,
469 1530 542 1571 usus
569 1530 681 1587 genera
713 1512 857 1589 explicari
884 1515 1019 1588 possunt.
1064 1516 1177 1571 restant

54 1616 128 1673 enim
171 1615 331 1692 nonnulla,
374 1615 424 1674 ubi
459 1615 578 1674 liberior
626 1632 699 1673 usus
736 1613 914 1673 statuendus
959 1619 989 1673 st
1028 1613 1176 1689 primitiva

53 1718 97 1775 vis
119 1721 179 1774 tam
203 1717 321 1776 occulta
343 1721 398 1791 est,
421 1721 454 1775 ut
476 1717 532 1775 nisi
554 1715 686 1775 violenta
709 1720 739 1775 et
759 1715 917 1775 artificiosa
931 1716 1177 1792 interpretatione

54 1836 116 1878 cam
144 1820 253 1880 elicere
283 1837 425 1895 nequeas.
478 1825 510 1878 ut
539 1820 665 1895 primum
699 1837 796 1894 pauca
827 1819 970 1895 simplicis
1003 1816 1176 1895 corrigendi

54 1925 82 1979 et
104 1922 274 1980 accuratius
297 1921 458 1981 deliniendi
481 1939 553 1981 usus
577 1921 714 1996 exempla
737 1921 871 1992 afferam,
901 1919 938 1980 cf.
961 1939 986 1979 3.
1009 1924 1069 1982 128
1092 1919 1178 1996 (177,

56 2027 108 2083 113
132 2023 192 2095 dic,
212 2022 346 2097 Chrysio,
369 2024 425 2083 3331
444 2020 565 2095 cerum),
590 2027 650 2084 133
666 2021 740 2096 (186
759 2025 815 2082 133
837 2038 935 2080 rior-ra
957 2022 1040 2095 milri,
1060 2023 1177 2095 srcter,

53 2127 108 2184 3331
129 2131 182 2185 imo
200 2127 288 2199 tide),
311 2130 353 2187 30
375 2125 502 2198 (32153
526 2128 702 2186 vestimento
726 2170 732 2183 .
756 2170 763 2184 .
791 2125 885 2200 Tyrio
906 2126 971 2184 sine
993 2124 1100 2199 dubio,
1122 2127 1180 2185 sed

53 2229 111 2287 acm
132 2231 228 2287 semet
249 2225 332 2307 zora),
355 2232 394 2289 aa
418 2226 480 2302 (34,
496 2209 538 2306 a),
561 2231 601 2290 33
625 2227 688 2306 (aa,
704 2225 748 2300 5).

138 2350 197 2408 Per
227 2367 258 2408 33
288 2353 387 2409 autem
419 2353 545 2426 apparet
576 2348 696 2425 saepius
728 2348 879 2408 notionem
910 2353 962 2408 aut
992 2349 1179 2424 seutentiam,

54 2469 113 2527 qua
149 2453 274 2511 alteram
312 2453 501 2528 corrigimus,
537 2452 607 2511 huic
644 2450 864 2527 quodammodo
902 2452 1068 2527 oppositam
1104 2469 1179 2510 esse.

54 2556 180 2630 primum
204 2554 332 2631 saepius,
354 2559 513 2630 postquam
538 2553 649 2613 diutius
672 2553 710 2612 de
734 2553 835 2628 aliqua
857 2572 890 2612 re
913 2552 1024 2611 dictum
1048 2556 1102 2629 est,
1124 2571 1179 2629 per

53 2656 108 2715 3331
129 2656 204 2715 haec
227 2674 277 2714 res
299 2655 357 2715 iam
381 2656 526 2715 omittitur
550 2660 580 2715 ot
601 2655 639 2714 ad
663 2655 747 2715 aliam
771 2655 923 2715 transitur.
967 2653 1017 2726 (31.
1035 2655 1178 2729 Draeger.

55 2758 157 2830 §333,
177 2764 206 2819 4.
249 2759 405 2818 Kuehner.
420 2759 451 2818 11
474 2758 491 2827 ξ
510 2762 579 2836 162,
600 2757 631 2830 2)
655 2757 692 2816 31.
715 2762 795 2817 317
820 2756 883 2828 (19,
903 2754 944 2834 9),
968 2760 1009 2818 89
1033 2756 1118 2836 (105,
1141 2756 1183 2834 5),

55 2865 93 2922 91
117 2860 208 2935 (110,
233 2859 299 2933 13),
328 2865 388 2921 115
411 2858 505 2937 (147,
530 2862 570 2930 6).
615 2859 724 2918 similes
748 2863 817 2918 sunt
838 2860 896 2918 loci
919 2878 943 2919 c.
967 2865 1006 2920 81
1031 2858 1101 2938 (96,
1126 2863 1182 2921 183

55 2969 206 3022 amatores
239 2956 247 3021 .'
271 3007 277 3020 .
310 2963 450 3022 derideat
486 2961 680 3020 solitudinem
714 2978 818 3020 meam.
871 2962 927 3021 3331
960 2978 1020 3021 mon
1051 2963 1181 3036 impune.

54 3083 122 3125 narn
145 3063 212 3138 etc.)
235 3070 266 3126 et
288 3084 312 3126 3.
328 3069 368 3127 95
392 3063 830 3139 (11533133333331313113.
879 3067 934 3124 3331
961 3080 1021 3124 mon
1051 3066 1181 3139 impune.

57 3170 113 3227 iam
144 3169 222 3226 enim
247 3168 328 3241 famo
356 3169 462 3228 3313113
491 3172 544 3228 etc.
590 3168 670 3227 huno
699 3169 798 3227 locum
821 3168 969 3243 Apuleius
999 3167 1118 3227 videtur
1152 3169 1181 3226 in

57 3275 156 3330 mente
178 3270 328 3348 habuisse,
351 3290 417 3330 cum
441 3271 470 3330 in
496 3271 709 3330 1331313125
734 3270 856 3329 scribat:
884 3270 941 3328 3331
969 3286 1029 3328 mon
1052 3271 1181 3344 impune.

57 3374 115 3432 inm
144 3376 221 3433 emim
247 3374 328 3447 fuxo
358 3374 597 3440 33133).-1113
626 3373 770 3432 transitus
798 3391 888 3450 saepe
910 3373 952 3432 ita
975 3372 1024 3449 fit,
1053 3377 1102 3450 ut,
1132 3374 1183 3448 qui

57 3476 206 3553 loquitur,
236 3494 269 3535 se
299 3474 410 3551 aliquid
442 3476 591 3535 iacturum
623 3479 675 3534 aut
704 3475 852 3534 dicturum
884 3493 949 3534 3333
978 3474 1098 3534 indicet.
1148 3474 1184 3534 31.
1259 3478 1262 3485 ’

58 3583 117 3639 34
141 3577 190 3656 (7,
213 3582 249 3638 43
271 3578 327 3638 3331
350 3623 356 3635 .
382 3624 388 3634 .
412 3576 580 3652 effimpam).
632 3597 850 3655 nonnunquam
872 3581 972 3636 autem
1001 3579 1041 3654 is,
1070 3579 1121 3654 qni
1143 3579 1183 3637 lo-

57 3683 169 3759 quitur,
191 3683 345 3741 enuntiato
368 3680 462 3740 33331
485 3681 645 3757 incipiente
669 3681 718 3739 vel
743 3699 775 3740 33
797 3680 894 3756 ipsum
911 3681 959 3738 vel
981 3681 1070 3739 alium
1093 3699 1184 3757 quen·

61 3783 128 3843 dam
151 3782 265 3859 aliquid
289 3782 388 3842 iacere
412 3783 503 3842 iubet.
533 3781 569 3841 31.
593 3801 616 3841 3.
633 3785 674 3843 48
698 3780 760 3858 (55,
778 3786 832 3842 153
854 3783 912 3841 3331
924 3798 1022 3841 marra
1038 3787 1070 3840 13
1092 3780 1189 3858 milri),

61 3890 98 3947 67
123 3883 191 3964 (79,
216 3888 269 3944 123
300 3885 356 3943 3331
382 3900 481 3943 morra
503 3881 603 3959 midi),
634 3887 673 3944 69
697 3883 766 3958 (82,
790 3889 826 3944 43
855 3885 914 3943 3331
944 3890 1027 3955 lucc,
1059 3880 1185 3961 linquo),

61 3989 180 4066 75(89,
198 3992 252 4049 163
274 3989 482 4047 sodomorum
505 3984 746 4064 meminerimus),
770 3991 828 4047 101
853 3984 936 4059 (123,
952 3990 988 4047 4:
1011 3987 1069 4046 3331
1080 3989 1186 4064 finpe),

63 4095 121 4152 102
145 4089 302 4168 (124,103
323 4092 498 4163 3331711333).

146 4211 221 4270 Aliis
245 4210 435 4269 1331333331
457 4210 561 4286 incipit
583 4210 779 4286 parenthesis.
822 4207 857 4266 31.
881 4227 906 4266 3.
922 4213 960 4268 61
985 4207 1047 4286 (72,
1063 4214 1114 4286 22,
1136 4209 1186 4269 ubi

930 4321 966 4373 3*
