2744 4656
158 1258 224 1337 Suo
248 1279 312 1335 iure
335 1276 471 1334 Wehllus
495 1277 524 1332 in
547 1276 631 1333 initio
654 1276 806 1351 perbonas
833 1274 1052 1332 dissertationis
1075 1271 1196 1346 (Obser-

70 1385 145 1444 vatt.
168 1381 243 1438 critt.
267 1380 297 1436 in
321 1379 503 1437 Petronium.
526 1367 646 1436 Bonnae
673 1376 775 1448 1861.)
807 1377 943 1451 queritur
975 1377 1106 1434 studium
1130 1377 1197 1435 libri
1306 1397 1311 1405 ’

66 1482 260 1557 Petroniam,
291 1482 342 1555 qui
372 1480 524 1555 egregium
561 1497 596 1537 ac
630 1479 719 1554 plane
750 1480 870 1537 unicum
901 1479 998 1537 locum
1029 1479 1059 1536 in
1090 1479 1196 1537 litteris

70 1584 187 1643 Latinis
218 1584 274 1642 sibi
302 1583 449 1653 vindicet,
479 1583 564 1640 nimis
595 1582 713 1656 neglegi
746 1587 775 1640 et
804 1599 899 1657 usque
925 1582 961 1639 ad
985 1581 1057 1640 illud
1081 1586 1197 1657 tempus

71 1687 101 1744 id
125 1705 161 1745 eo
184 1687 322 1744 excusari
344 1690 472 1761 poterat,
495 1686 582 1763 quod!
599 1685 682 1742 nulla
705 1685 817 1743 exst'tit
840 1684 938 1753 editio,
962 1702 1040 1760 quae
1055 1684 1195 1743 librorum

71 1807 160 1847 manu
188 1790 367 1864 scriptorum
398 1789 469 1847 satis
499 1792 670 1846 accuratam
703 1786 862 1863 praeberet
892 1788 1099 1861 cognitionem.
1144 1787 1197 1846 sed

71 1890 159 1949 etiam
187 1896 345 1965 postquam
376 1891 554 1948 Buecheleri
586 1889 677 1947 editio
709 1908 734 1946 6.
760 1892 842 1948 1862
874 1888 985 1964 publici
1015 1890 1087 1947 iuris
1118 1889 1197 1946 facta

70 1997 134 2068 661,
157 2010 234 2067 quae
257 1996 337 2050 certe
360 1991 491 2050 omnium
514 2009 596 2066 spem
620 1991 791 2066 superavit,
819 2008 867 2048 res
890 1970 1061 2049 non'valde
1085 1995 1198 2049 mutata

71 2100 126 2152 est.
170 2112 238 2151 nam
269 2090 393 2169 praeter
419 2111 531 2169 paucos
554 2111 722 2168 parvosque
744 2091 877 2167 libellos,
909 2110 985 2168 quos
1016 2093 1197 2151 Huebnerus

71 2195 216 2269 (Grundr.
227 2213 264 2253 zu
275 2195 390 2254 Vorles.
402 2196 469 2254 ueb.
482 2213 571 2253 roem.
584 2196 652 2253 Litt.
666 2194 792 2254 Gesch.⁴
807 2214 837 2271 p.
851 2199 912 2254 140
922 2194 1017 2271 seqq.)
1034 2201 1198 2270 enumerat,

71 2298 233 2373 perpaucis
263 2297 335 2355 locis
366 2297 402 2354 (16
426 2297 558 2355 Petronii
590 2296 809 2373 libro-aliquid
841 2297 1025 2372 disputatum
1055 2298 1155 2354 inveni
1168 2296 1198 2365 ¹).

71 2401 199 2458 maxime
222 2405 320 2458 autem
344 2399 505 2458 dolendum
530 2405 585 2468 661,
615 2399 695 2473 quod
724 2399 848 2457 alterum
874 2399 1012 2457 editionis
1036 2399 1197 2457 Buechele-

71 2503 176 2560 1161166
198 2501 355 2575 volumen,
385 2519 444 2577 quo
474 2502 719 2559 commentarium
749 2501 925 2575 iudicesque
948 2518 980 2559 66
1005 2501 1198 2576 comprehen-

73 2622 178 2664 surum
201 2622 266 2663 esse
289 2603 424 2680 promisit
440 2602 488 2674 (ct'.
504 2603 598 2679 praei.
614 2622 642 2679 p.
658 2600 839 2674 XXXXlII),
864 2603 994 2662 nondum
1018 2604 1129 2662 editum
1146 2609 1197 2662 661.

160 2708 260 2782 Atque
284 2707 322 2777 id,
346 2707 427 2782 quod
451 2706 523 2780 (1111,
544 2706 676 2763 Petronii
701 2705 832 2792 studium
856 2706 1050 2765 vehementer
1072 2707 1201 2783 neglegi,

73 2828 109 2867 eo
126 2811 224 2867 minus
239 2816 341 2885 potest
356 2809 509 2884 explicari,
531 2809 603 2882 quia
619 2807 666 2865 hie
681 2808 756 2866 liber
772 2813 802 2867 et
816 2813 940 2884 propter
959 2826 1008 2867 res
1031 2815 1061 2868 et
1075 2814 1200 2884 propter

72 2911 270 2969 elocutionem
285 2911 391 2969 summi
406 2915 451 2968 est
468 2910 616 2968 momenti.
648 2909 878 2968 deformatione
895 2911 1016 2986 quidem
1038 2912 1199 2969 verborum

73 3013 124 3070 uni
160 3013 289 3070 sermoni
326 3012 442 3088 plebeio
479 3012 588 3070 usitata
616 3012 660 3069 bis
691 3012 911 3070 accuratissime
941 3012 1125 3088 disputatum
1156 3018 1201 3071 est

73 3113 102 3183 (a
130 3114 288 3188 Ludwigio
311 3127 318 3170 t
340 3114 377 3172 de
407 3114 540 3173 Petronii
569 3131 655 3172 serm.
683 3114 760 3189 pleb.
791 3113 860 3173 diss.
889 3115 970 3192 Lips.
996 3117 1079 3176 1870
1110 3120 1140 3173 et
1161 3115 1199 3172 ab

73 3218 108 3275 A.
131 3235 149 3274 a
172 3215 337 3275 Guericke:
360 3216 398 3275 de
422 3217 492 3292 ling.
515 3217 595 3292 vulg.
616 3216 700 3293 reliq.
716 3208 798 3293 apud
815 3219 938 3276 Petron.
961 3219 1043 3276 etin
1066 3218 1199 3292 inscript.

72 3319 216 3395 parietar.
238 3318 409 3393 Pompeiam
433 3319 501 3377 diss.
525 3318 639 3394 Regim.
664 3318 768 3395 1875),
790 3320 828 3378 de
852 3322 971 3395 syntaxi
995 3324 1096 3379 autem
1120 3325 1200 3379 uter·

74 3438 132 3495 que
155 3438 252 3496 pauca
273 3424 388 3479 tantum
411 3420 527 3479 adiecit.
571 3438 665 3496 quare
690 3420 769 3478 haud
790 3423 925 3499 ineptum
942 3422 1060 3480 videtur
1074 3422 1105 3480 in
1122 3423 1200 3480 hanc

163 3622 182 3684 ¹)
199 3619 311 3671 Praeter
339 3632 443 3685 paucas
471 3617 665 3670 adnotationes
689 3632 705 3669 a
731 3617 854 3671 Lucisne
882 3619 1011 3683 Mueller,
1035 3618 1063 3672 J.
1091 3618 1199 3672 Vahlen

74 3710 102 3757 et
128 3703 192 3756 61116
220 3703 309 3756 editas
337 3704 365 3755 in
393 3700 568 3755 Fleckeiseni
594 3702 684 3754 annal.
709 3718 735 3754 v.
756 3707 803 3755 119
820 3717 844 3755 a.
870 3707 933 3757 tots
957 3720 983 3771 p.
1002 3708 1052 3756 629
1070 3718 1147 3771 seqq.
1172 3711 1201 3759 et

74 3805 100 3856 p.
114 3793 162 3841 833
174 3803 251 3855 seqq.
269 3785 306 3839 A.
327 3786 454 3852 Strelitz,
479 3803 504 3854 p.
519 3791 568 3839 845
580 3801 657 3855 seqq.
676 3789 708 3840 E.
728 3787 827 3842 Rohde
851 3789 1000 3842 nonnullas
1019 3789 1200 3856 protulerunt

77 3873 261 3926 coniecturas.
298 3878 442 3939 praetcrea
465 3872 498 3925 Η.
517 3871 649 3926 Merkens
673 3887 696 3925 6.
724 3878 788 3937 1616
806 3888 902 3927 cenam
931 3874 1147 3928 Trimalchionis
1173 3876 1200 3927 in

74 3959 250 4012 vernaculam
271 3959 392 4025 linguam
410 3957 503 4024 vertit,
522 3957 561 4010 ita
580 3963 687 4024 tamen,
707 3965 739 4011 ut
756 3957 833 4012 totus
852 3960 961 4013 libellus
980 3959 1008 4011 in
1028 3974 1200 4028 unaquaque

74 4042 132 4098 1616
159 4043 263 4112 pagina
289 4043 462 4110 gravissimis
490 4044 629 4096 erroribus
658 4051 772 4099 scateat.
818 4046 939 4113 denique
963 4046 1076 4097 allatum
1104 4044 1201 4099 inveni

74 4131 239 4198 opusculum
255 4128 284 4180 C.
298 4128 455 4194 Morawski,
473 4144 487 4181 6
506 4143 562 4195 quo
575 4134 676 4195 tamen,
696 4131 763 4198 quia
775 4130 870 4196 lingua
883 4130 995 4200 polnica
1008 4131 1201 4198 conscriptum

74 4225 125 4284 661,
143 4216 267 4268 fructum
285 4229 385 4281 capere
404 4230 459 4267 non
480 4213 568 4282 potui.

984 4325 994 4370 l
