2744 4656
187 261 205 321 6

187 439 249 496 cito
279 438 378 496 cicccc
408 443 470 509 cst,
503 459 527 498 c.
549 442 601 500 37:
631 455 688 497 uec
715 440 788 512 occid
811 454 869 497 uec
891 453 985 511 cuore
1007 441 1037 497 et
1058 438 1142 495 sicco
1164 432 1308 512 sodrtu‚⁵l

189 561 212 600 c,
234 545 289 601 42:
312 542 436 600 minoris
458 557 547 615 quom
569 557 691 601 muscae
713 548 742 601 et
764 541 873 600 mulier
894 541 1044 599 milvinum
1065 555 1178 615 penora,
1210 557 1233 596 c.
1255 542 1308 598 43:

186 660 319 718 porrum
339 645 441 717 pilare
464 649 493 703 et
516 646 565 703 cui
587 647 688 704 dotum
711 650 756 703 est
777 660 838 703 coo
853 644 1231 714 cuimodicuiusmodi:
1254 656 1309 699 uec

188 762 237 804 mcc
265 761 323 804 ceo
349 744 456 818 ΜΗ),
480 766 503 805 c.
527 750 579 807 58:
612 762 710 820 coepe
741 747 859 805 cirrata
889 748 918 804 et
949 761 1107 804 corvorum
1134 736 1310 801 ciborio‘et

191 854 299 907 terroe
322 847 408 907 tucher
431 853 460 907 et
482 865 547 907 mos
570 850 600 907 tm
622 850 745 909 metello
769 855 798 908 et
814 848 945 921 matfrido
960 863 1019 905 coo
1035 849 1190 920 mouister,
1215 863 1238 904 c.
1258 848 1310 904 62:

192 968 266 1024 cosso
286 952 477 1024 coropalates,
501 971 525 1010 c.
542 955 590 1023 63,
613 952 663 1010 ubi
679 951 860 1010 Trimalchio
884 950 1042 1026 strigarnm
1065 947 1226 1008 stridorem
1250 947 1310 1004 imi-

190 1057 283 1113 tatur:
306 1053 408 1112 nechite
424 1055 542 1129 stripue
558 1054 693 1112 stridere
716 1052 809 1130 (quod
832 1052 955 1111 verbum
971 1052 1127 1112 Jacobsius
1147 1049 1311 1108 rectissime

128 1190 130 1195 .
192 1153 318 1228 addidit)
350 1163 535 1230 coeperunt,
575 1175 600 1214 c.
629 1160 682 1216 76:
712 1156 846 1230 suctum,
880 1170 939 1213 ooo
968 1152 1078 1229 subulo
1112 1156 1141 1212 et
1172 1149 1210 1209 ob
1242 1151 1313 1209 octa

192 1265 222 1318 et
245 1274 313 1317 acu.
829 1262 832 1268 '

424 1430 486 1499 §2
529 1431 580 1485 De
602 1429 812 1497 pleonasmia
836 1432 870 1484 et
893 1428 1082 1495 ellipsibus.

277 1570 316 1627 nt
336 1569 526 1644 pleonasmus
547 1572 577 1628 et
597 1567 709 1644 ellipsis
732 1567 908 1643 plerumque
924 1564 1116 1624 inveniuntur
1131 1566 1161 1623 in
1178 1565 1313 1622 oratione

192 1672 349 1730 concitata.
395 1689 461 1728 nam
478 1670 512 1745 is,
534 1671 585 1746 qui
609 1670 718 1728 maiore
742 1668 850 1728 ardore
866 1666 1008 1744 loquitur,
1030 1684 1147 1744 semper
1170 1666 1198 1723 id
1222 1683 1314 1724 uuum

193 1777 324 1852 spectat,
356 1771 436 1848 qnod
467 1773 674 1848 gravissimum
707 1776 752 1830 est
782 1771 910 1846 ideoque
943 1789 1064 1846 operam
1095 1768 1161 1839 dat,
1194 1773 1226 1826 ut
1258 1768 1315 1826 lroc

195 1896 283 1953 quam
308 1874 520 1934 dilucidissime
544 1873 662 1934 indicet.
708 1874 767 1951 quo
790 1873 830 1943 fit,
854 1878 886 1932 ut
909 1873 1027 1949 saepius
1051 1873 1099 1930 vel
1120 1890 1210 1930 unum
1227 1889 1315 1928 voca-

193 1979 293 2037 bulum
328 1977 372 2036 bis
407 1982 500 2052 ponat
537 1977 586 2035 vel
616 1980 707 2036 totam
740 1977 975 2036 enuntiationem
1007 1975 1097 2051 paulo
1133 1975 1315 2031 immutatam

194 2084 319 2157 repetat.
374 2079 478 2139 eadem
510 2083 607 2138 autem
639 2077 675 2137 de
708 2096 799 2136 causa
835 2097 886 2154 ea,
917 2096 993 2153 quae
1026 2077 1146 2135 levioris
1177 2075 1316 2133 momenti

163 2265 165 2269 ¹
193 2185 271 2243 inter
293 2180 369 2241 duas
392 2199 440 2240 res
462 2180 666 2257 intercedunt,
693 2181 756 2239 sive
779 2181 926 2239 sententia
948 2184 1011 2239 tota
1034 2179 1097 2236 sive
1121 2178 1244 2236 verbum
1268 2177 1315 2234 vel

194 2284 376 2354 coniunctio,
407 2284 592 2342 omittuntur.
645 2283 785 2360 quoniam
818 2285 931 2359 autem,
968 2284 1000 2341 ut
1030 2282 1085 2339 iam
1118 2298 1211 2356 supra
1246 2279 1317 2354 dixi,

195 2389 230 2447 de
260 2386 347 2464 plebe
377 2385 512 2444 homines
545 2385 637 2444 multo
669 2384 768 2444 acrius
799 2403 833 2442 ac
864 2384 1069 2443 vehementius
1099 2383 1180 2458 loqui
1210 2382 1317 2457 solent,

195 2510 285 2566 saepe
308 2488 354 2560 fit,
378 2494 411 2546 ut
435 2487 471 2546 ad
495 2488 663 2564 augendam
687 2487 846 2546 verborum
872 2486 931 2544 vim
954 2487 1011 2545 hoc
1034 2486 1173 2544 liberiore
1196 2502 1251 2543 usu
1276 2483 1316 2542 di-

195 2592 282 2651 cendi
313 2595 443 2651 utantur.
496 2608 531 2648 ac
561 2591 687 2666 primum
719 2588 836 2665 quidem
864 2608 956 2647 unum
985 2587 1106 2647 verbum
1129 2587 1249 2663 saepius
1273 2587 1317 2644 bis

196 2694 333 2770 ponitur,
366 2696 417 2770 qui
448 2678 519 2752 usus
549 2694 635 2751 etiam
659 2692 740 2769 apud
763 2692 839 2751 alios
867 2691 1043 2769 scriptores,
1073 2691 1122 2749 ubi
1153 2708 1249 2748 sermo
1273 2692 1318 2747 cst

196 2797 285 2875 paulo
310 2795 501 2866 concitatior,
533 2794 684 2854 iuvenitur
717 2793 766 2866 (cf.
798 2813 875 2871 quae
906 2794 1047 2852 Heinsius
1077 2794 1163 2851 affort
1190 2793 1221 2850 in
1249 2791 1318 2850 edit.

197 2903 296 2960 Burm.
319 2919 346 2974 p.
369 2896 459 2970 257),
488 2897 540 2956 sed
564 2897 643 2975 apud
668 2897 780 2957 nullum
804 2901 863 2954 tam
888 2914 977 2972 saepe
1000 2914 1088 2972 quam
1112 2893 1192 2969 apud
1214 2895 1318 2953 Petro·

198 3004 285 3062 nium.
337 3002 437 3060 notavi
473 3006 573 3059 autem
604 3020 627 3059 c.
653 3004 704 3060 29:
741 3015 828 3071 cave,
862 3005 940 3057 caoe'
966 3014 1070 3057 caueto
1103 2997 1319 3071 (Buechelerus

197 3124 289 3165 unum
312 3120 383 3163 cuce
407 3103 502 3177 eiecit,
526 3103 653 3162 fortasse
676 3107 769 3178 recte,
802 3119 973 3178 quanquam
996 3119 1034 3158 ne
1056 3100 1176 3159 insolita
1199 3098 1316 3175 quidem

196 3207 364 3284 imperativi
387 3206 504 3265 iteratio
528 3223 546 3262 a
568 3203 798 3264 Trimalchionis
820 3203 944 3277 ingenio
968 3201 1065 3260 aliena
1088 3200 1162 3278 est),
1185 3219 1208 3259 c.
1226 3206 1265 3262 37
1290 3203 1319 3259 et

199 3315 238 3370 42
256 3315 285 3368 et
300 3313 355 3368 46:
377 3310 473 3381 modo,
498 3309 596 3380 modo,
619 3326 642 3366 o.
659 3311 714 3366 45:
728 3300 843 3381 Glyco,
869 3305 970 3380 Glyco,
994 3323 1019 3363 c.
1035 3308 1091 3365 49:
1115 3304 1206 3377 quaid?
1229 3303 1319 3377 quid?

199 3418 229 3472 et
251 3427 339 3484 coco,
368 3427 457 3483 coco,
488 3431 512 3470 c.
534 3415 587 3471 72:
609 3426 693 3481 cero,
721 3425 800 3468 cero.
845 3408 933 3468 ctiam
957 3406 1177 3467 interiectiones
1200 3407 1318 3482 saepius

200 3521 392 3591 repetuntur,
414 3515 499 3573 velut
521 3531 544 3572 o.
561 3519 614 3574 37:
637 3510 745 3584 coece,
768 3509 877 3582 badae,
903 3529 926 3569 c.
942 3515 982 3571 42
1007 3518 1037 3570 et
1058 3515 1099 3570 44
1122 3516 1152 3568 et
1175 3514 1227 3570 64:
1251 3509 1318 3579 deu,

199 3620 266 3690 deu,
289 3637 313 3676 c.
330 3622 386 3678 67:
410 3618 464 3689 αα,Ἰ
488 3633 535 3675 ou.
559 3615 748 3675 —eandem
781 3614 818 3678 ob
848 3632 967 3673 causam
995 3633 1049 3690 pro
1074 3612 1200 3688 simplici
1229 3630 1318 3671 enun-

199 3719 323 3780 tiatione
346 3737 436 3794 saepe
458 3719 579 3795 ponitur
602 3717 786 3777 exclamatio.
809 3715 846 3775 cf.
870 3735 893 3774 c.
910 3720 963 3776 34:
984 3731 1072 3787 cuum
1099 3720 1177 3773 rocca
1199 3714 1319 3772 homunc-

201 3825 246 3882 cc'o
277 3824 321 3881 nil
349 3823 430 3893 cell,
462 3839 485 3880 c.
510 3826 564 3882 38:
592 3823 649 3880 scd
677 3818 778 3879 liberti
807 3819 969 3891 scelerati,
1004 3819 1055 3891 qui
1087 3818 1185 3877 omnio
1216 3817 1260 3874 od
1288 3831 1320 3874 sc

285 3987 307 4053 5)
326 3985 401 4038 Haec
418 3983 505 4037 verba
522 3984 558 4037 ad
576 3998 657 4036 unam
676 3981 816 4035 notionem
836 3979 1005 4047 coniungere
1024 3979 1122 4032 solitos
1136 3993 1199 4032 esse
1211 3984 1319 4032 veteres

201 4070 303 4125 docent
321 4071 448 4136 exempla
466 4085 481 4121 a
500 4069 605 4122 Goesio
623 4068 659 4121 ad
677 4066 702 4120 lr.
722 4067 739 4120 l.
758 4065 886 4119 allatuin
906 4064 972 4118 edit.
991 4064 1084 4117 Burm.
1103 4081 1130 4132 p.
1144 4067 1201 4116 217.

286 4158 308 4224 ὅ)
327 4154 369 4208 ef.
389 4153 497 4208 Charis
519 4155 583 4208 inst.
601 4168 716 4221 gramm.
728 4151 756 4206 ll
774 4169 801 4220 p.
815 4155 872 4215 alo,
891 4156 915 4216 3,
934 4154 957 4218 8,
977 4153 1008 4202 28
1027 4150 1098 4203 Keil.
1118 4147 1206 4204 Lucil.
1225 4149 1259 4203 t'r.
1278 4147 1320 4202 ed.

202 4240 310 4297 Lachm.
328 4258 354 4294 v.
378 4245 449 4296 1138.
