2744 4656
185 255 225 315 20

184 429 298 487 cucilla
324 444 390 486 meo
415 427 520 487 Circen
549 444 595 485 me
616 429 721 486 vocari
728 422 766 484 ‘l“
778 424 814 498 13)
859 427 912 486 sed
943 428 992 486 hio
1022 428 1178 486 lectionem
1214 426 1294 501 pluri·

184 550 299 590 morum
323 529 408 591 codd.
433 531 561 590 retinere
585 548 757 607 possumus,
784 531 914 606 itemque
947 550 972 589 o.
996 534 1053 606 75,
1080 529 1129 589 ubi
1153 531 1195 588 sic
1218 530 1296 587 inter·

184 633 378 712 pungendum
408 633 542 692 videtur:
582 634 644 691 iia?
676 631 729 691 riti
751 634 885 709 videtur,
905 628 1099 706 feiicrpedio?
1132 637 1162 692 et
1184 652 1206 690 c.
1229 635 1297 691 102:

183 738 248 808 „iia
269 733 371 806 oero“‚
394 736 515 808 iuquam
538 751 605 808 epo,
628 741 793 808 „tanquam
814 735 927 793 solidos
949 731 1179 808 olliooiurus?“

270 838 468 898 Usitatissima
505 836 635 913 denique
670 843 716 895 est
753 836 881 896 adnexio
918 835 1113 908 affirmativa,
1145 853 1222 911 quae
1253 852 1299 910 per

181 941 275 1013 pleae
297 939 337 998 fit.
360 939 417 998 loci
440 944 549 1015 autem,
571 938 679 1014 quibus
699 940 792 1011 plone
815 939 971 998 sententiis
987 938 1182 1015 praemissum
1197 936 1300 1010 inveni,

183 1043 225 1101 ita
254 1045 287 1100 ut
317 1060 372 1118 per
400 1040 579 1117 wahrhaftig
609 1041 786 1102 vertendum
809 1042 857 1117 sit,
879 1045 949 1100 sunt
971 1042 1018 1111 bi:
1045 1059 1069 1098 c.
1092 1045 1131 1100 12
1155 1038 1223 1114 (14,
1247 1036 1299 1107 11),

184 1148 223 1203 49
248 1140 314 1219 (56,
331 1140 395 1218 20),
420 1147 459 1204 63
483 1142 549 1220 (75,
565 1141 609 1215 8),
634 1147 672 1203 67
697 1140 764 1220 (80,
785 1141 830 1220 9),
854 1147 892 1203 69
916 1142 982 1215 (81,
1008 1142 1069 1214 19).
1094 1174 1130 1181 -
1158 1142 1299 1200 interdum

184 1247 272 1305 etiam
295 1245 506 1322 responsiones
528 1264 546 1303 a
562 1247 663 1319 plone
685 1246 840 1321 incipiunt.
885 1244 1017 1305 ef.e.41
1036 1241 1154 1322 (45,1).
1177 1274 1221 1283 -
1244 1261 1299 1302 see-

184 1350 251 1425 pius
282 1349 374 1408 verbo
406 1348 522 1407 cuidam
549 1348 749 1424 praemittitur
778 1346 816 1406 ad
845 1347 904 1406 vim
933 1349 997 1407 eius
1025 1347 1194 1423 augendam
1218 1350 1300 1422 atque

185 1451 424 1511 confirmandam.
474 1449 508 1508 of.
536 1469 561 1508 e.
583 1454 639 1511 43:
668 1451 762 1524 pleae
789 1453 935 1520 (ortonae
958 1451 1051 1522 filicis,
1083 1468 1107 1507 o.
1129 1450 1186 1508 45:
1213 1450 1301 1522 ploos

180 1553 280 1626 ferque
302 1569 412 1625 meroe,
437 1570 461 1611 e.
477 1555 534 1612 58:
553 1553 648 1626 plone
671 1553 771 1624 quoles
794 1552 938 1625 dominae,
961 1553 1034 1610 tulis
1057 1556 1085 1610 et
1107 1568 1221 1610 seruus.

269 1657 472 1716 Transeamus
511 1655 567 1713 iam
611 1654 647 1714 ad
688 1653 918 1714 examinandum
958 1673 1043 1713 usum
1083 1654 1301 1731 particularum,

184 1759 293 1834 quibus
326 1757 493 1818 sententiae
523 1759 600 1816 inter
623 1776 654 1817 se
678 1759 918 1834 coniunguntur,
947 1776 982 1815 ae
1011 1756 1301 1834 primumloopulati-

183 1879 299 1938 varum,
315 1859 584 1936 adversativarum,
599 1860 853 1919 disiunctivarum.
891 1860 920 1917 in
936 1859 1202 1918 commemorandis
1217 1858 1302 1932 libris,

182 1965 212 2022 in
244 1963 353 2039 quibus
384 1963 421 2022 de
453 1961 510 2021 hae
536 1981 569 2022 re
598 1964 710 2038 agitur,
742 1960 897 2020 brevitatis
925 1979 1017 2020 causa
1039 1962 1215 2038 plerumque
1237 1959 1302 2020 satis

181 2065 299 2124 habebo
329 2065 440 2123 Handii
469 2064 689 2140 Tursellinum‚
718 2065 863 2149 Draegeri
895 2065 971 2123 Hist.
998 2063 1083 2140 Synt.
1110 2063 1137 2122 d.
1159 2065 1209 2122 lat.
1233 2063 1301 2139 Spr,

181 2168 336 2227 Kuebneri
361 2166 446 2226 Ausi.
469 2167 597 2227 Gramm.
630 2166 656 2227 d,
680 2168 731 2225 lat.
754 2165 820 2242 Spr.
844 2167 954 2244 citare,
985 2167 1123 2242 quoniam
1155 2166 1184 2224 lri
1215 2167 1302 2224 libros

181 2271 313 2348 priorum
337 2270 469 2329 virorum
493 2269 649 2329 doctorum
671 2269 816 2328 indicant.
858 2270 887 2328 in
913 2255 1093 2345 erplioando
1123 2272 1223 2328 autem
1251 2285 1301 2327 usu

180 2372 394 2448 particularum
419 2352 539 2447 operam
564 2370 641 2442 dedi,
664 2390 701 2431 ne
725 2372 810 2430 nimis
834 2375 940 2447 argute
964 2372 1088 2448 singulis
1111 2371 1185 2431 loeis
1205 2373 1302 2447 singu-

180 2475 272 2534 larem
295 2473 494 2550 signifioatum
518 2473 726 2549 attribuerem,
756 2473 837 2549 quod
865 2473 985 2549 quidem
1008 2473 1210 2550 periculosum
1230 2490 1302 2532 'sane

181 2596 217 2636 ao
238 2576 384 2636 lubricum
409 2580 461 2634 est.
506 2594 541 2634 ac
570 2594 608 2634 ne
631 2575 769 2635 Handius
790 2575 918 2652 'quidem
947 2575 1003 2634 boc
1026 2575 1191 2651 pericnlum
1215 2576 1301 2652 plane

179 2679 299 2738 videtur
321 2679 471 2753 effugisse.
515 2677 651 2737 omnibus
673 2679 746 2736 locis
770 2678 1031 2752 simplicissimam,
1061 2695 1148 2753 qnam
1172 2678 1302 2755 reperire

180 2782 279 2859 potui,
308 2781 536 2856 explicationem
566 2785 686 2838 secutus
717 2797 797 2855 sum,
827 2784 933 2857 atque,
962 2781 1012 2838 ubi
1045 2779 1173 2838 dubitari
1198 2785 1303 2857 potest,

179 2899 249 2943 num
273 2882 433 2958 peculiaris
456 2880 604 2957 quaedam
627 2882 709 2940 notio
732 2881 892 2940 statuenda
914 2882 969 2957 sit,
992 2885 1130 2958 cunctos,
1159 2877 1301 2957 quantum

178 2987 278 3063 potui,
309 2986 432 3060 collegi,
464 2987 497 3042 ut
519 2985 571 3058 qui
591 2984 737 3043 similibus
760 2983 868 3044 studiis
891 3002 1011 3060 operam
1035 2984 1150 3060 darent,
1174 2986 1302 3061 explica·

179 3089 276 3148 tiones
310 3104 390 3145 meas
417 3085 556 3144 facillime
586 3086 755 3144 examinare
783 3091 913 3162 possent.
964 3086 1078 3145 nullum
1102 3092 1184 3145 certe
1207 3088 1302 3146 locum

179 3189 378 3249 difficiliorem
403 3188 539 3248 consulto
563 3189 655 3247 omisi.

267 3370 298 3433 ¹³)
315 3368 338 3420 B
357 3372 386 3420 et
404 3384 422 3436 p
441 3367 583 3421 exhibent:
607 3366 711 3422 uincitis
722 3384 790 3433 ,ineu
803 3384 845 3421 me
860 3367 957 3421 Circen
970 3368 1074 3433 siccari,
1093 3369 1169 3437 quod
1181 3367 1301 3423 Bueche-

140 3470 142 3475 ’
178 3453 253 3507 ierus
271 3452 307 3517 lin
331 3452 454 3505 editione
476 3452 632 3506 recentiore
656 3468 680 3505 a.
702 3456 760 3506 1811
788 3453 816 3504 in
836 3458 942 3505 textum
966 3452 1078 3520 recepit.
1120 3453 1170 3506 sed
1195 3469 1229 3506 ex
1252 3453 1302 3506 hae

177 3538 313 3593 varietate
330 3537 360 3590 id
378 3536 444 3590 mibi
462 3538 572 3591 videtur
586 3538 703 3605 elucere,
721 3538 793 3591 illud
811 3538 956 3592 molestum
974 3555 1037 3592 meo
1058 3538 1212 3591 eiciendum
1231 3554 1301 3593 esse.
