2744 4656
159 229 199 297 42

158 422 214 481 per
237 409 335 463 autem
357 405 395 463 ad
418 404 456 481 id,
479 405 560 481 quod
584 409 653 465 ante
676 405 786 472 dictum
810 410 862 476 441,
884 404 970 464 redit.
1007 403 1044 464 41.
1067 423 1091 462 4.
1106 406 1146 463 45
1170 403 1232 479 (51,
1249 399 1281 474 7)

160 511 245 567 4143
262 507 323 584 (47,
341 504 402 579 17).
435 507 470 566 41.
488 506 702 578 Η4411.1569,
719 511 746 568 9.
779 509 924 583 Dracger.
947 507 1051 583 1335,
1066 510 1094 567 9.
1127 507 1284 565 Kuehner.

133 607 359 684 'ss§mae
573 622 576 627 ⁴

246 711 352 770 Variae
389 715 459 770 sunt
491 711 722 788 significationes
759 712 923 788 particulae
956 716 1054 769 actem
1090 711 1120 768 14
1155 711 1282 770 1414444-

161 813 331 890 gationibus
347 817 516 889 usurpatae,
533 832 608 890 quas
625 815 745 890 egregie
768 814 904 873 distinxit
923 813 1060 872 Handins
1076 812 1102 885 (1
1113 816 1175 873 574
1186 808 1282 890 4444.)

161 920 191 974 41
221 934 288 974 eum
318 933 448 991 sequens
478 917 650 992 Draegerus
680 913 874 993 (133510).
918 917 1106 975 Burmannus
1134 914 1172 973 ad
1199 918 1283 976 458

160 1015 202 1093 (4.
218 1014 295 1090 379)
322 1017 460 1078 adnotat:
492 1020 615 1077 iareroit
646 1019 722 1077 1444
743 1020 904 1092 porticulo
934 1019 1093 1091 aliquoties
1122 1018 1207 1091 apud
1232 1034 1289 1080 cor

161 1121 253 1179 411444
274 1121 412 1194 proniori
434 1125 464 1179 41
486 1122 655 1180 concitatae
676 1123 815 1180 orationi.
861 1121 913 1181 sed
937 1122 1015 1180 hanc
1037 1122 1096 1178 vim
1120 1139 1179 1180 non
1203 1120 1284 1197 apud

162 1223 290 1283 comicos
320 1228 434 1282 tantum
466 1224 563 1283 inesse
586 1224 616 1282 in
640 1226 696 1284 hac
718 1225 866 1300 particula
888 1225 1025 1300 exempla
1048 1223 1173 1299 docent,
1207 1241 1285 1300 quae

162 1325 299 1385 Handius
323 1327 341 1384 l.
365 1345 389 1384 c.
413 1327 517 1386 attulit.
562 1346 597 1385 ac
625 1328 752 1403 primum
783 1326 903 1403 quidem
934 1334 1032 1384 441441
1061 1326 1172 1384 indicat
1193 1327 1284 1386 inter-

163 1429 297 1504 rogantis
320 1429 461 1506 impetum
485 1434 515 1488 41
537 1430 770 1508 vehementiam,
794 1429 856 1488 sive
880 1448 915 1488 ea
937 1430 974 1489 ab
997 1429 1194 1488 admiratione
1218 1448 1286 1504 pro·

162 1531 316 1608 ficiscitur,
338 1533 400 1589 sive
425 1531 461 1589 ab
477 1530 684 1608 indignatione
707 1535 736 1590 41
750 1531 914 1608 iracundia,
936 1532 1062 1591 maxime
1077 1532 1107 1590 in
1123 1532 1286 1607 reprehen-

76 1685 81 1694 .
163 1635 255 1694 sione.
285 1633 324 1691 cf.
349 1652 373 1691 4.
396 1637 436 1693 45
459 1630 522 1705 (51,
540 1632 591 1706 10)
615 1639 644 1692 41
666 1637 705 1694 95
730 1632 814 1710 (114,
830 1631 891 1706 20).
924 1634 1002 1693 idem
1025 1634 1287 1692 1444441444444

163 1737 192 1796 14
216 1737 258 1795 414
281 1735 574 1812 interrogationibus,
597 1736 706 1812 quibus
729 1737 763 1811 is,
786 1737 836 1812 qui
860 1736 1033 1812 interrogat,
1057 1736 1105 1794 vel
1128 1735 1216 1794 alium
1239 1737 1288 1795 vel

163 1858 194 1899 44
224 1840 321 1914 ipsum
351 1837 553 1914 reprehendit.
590 1839 626 1897 41.
651 1858 675 1898 4.
700 1843 760 1900 100
783 1837 865 1911 (120,
891 1841 949 1907 12).
1001 1842 1063 1897 tum
1082 1838 1167 1904 ‚haec
1196 1839 1287 1897 inter·

164 1939 290 2018 rogandi
325 1939 419 1999 forma
453 1946 631 2018 usurpatur,
668 1943 691 2000 si
717 1943 783 2017 quis
809 1943 1022 2000 accuratiorem
1051 1940 1094 2000 rei
1117 1939 1288 2000 considera-

164 2045 271 2102 tionem
302 2042 442 2119 postulat.
487 2042 523 2101 cf.
547 2062 569 2101 c.
594 2047 634 2104 50
657 2042 719 2119 (57,
737 2042 803 2115 13),
839 2048 878 2104 56
902 2042 1026 2118 (651),
1063 2048 1121 2103 101
1146 2043 1230 2121 (122,
1246 2041 1290 2119 8),

167 2149 226 2208 132
250 2143 416 2223 (185,13),
448 2150 509 2205 140
531 2143 614 2221 (204,
631 2144 671 2219 6).

250 2250 368 2318 Restat,
392 2254 424 2308 41
447 2249 579 2308 breviter
602 2268 825 2309 commemorem
850 2268 901 2309 eos
931 2250 1033 2320 14444,Ι
1059 2250 1167 2326 quibus
1190 2253 1291 2308 atatem

166 2371 232 2412 cum
256 2353 314 2412 4114
336 2351 481 2411 vocabulo
504 2351 534 2409 in
559 2370 647 2411 unam
671 2354 756 2428 qnasi
779 2352 930 2412 notionem
951 2352 1142 2412 coniunctum
1159 2354 1213 2410 441.
1246 2352 1291 2411 114

166 2474 191 2514 4.
215 2457 255 2516 50
278 2452 755 2531 (58,1)1111444414441441144,
778 2456 941 2530 praemisso
964 2454 1117 2514 enuntiato
1141 2453 1290 2514 condicio-

167 2557 227 2617 nali
259 2554 321 2631 (41),
356 2558 397 2616 ita
427 2562 460 2616 ut
490 2557 594 2616 eadem
618 2557 713 2617 forma
736 2559 850 2617 oriatur
874 2562 963 2634 atquc
987 2557 1134 2616 Graecum
1157 2549 1290 2633 εἰμὲν-

167 2654 228 2717 νῦν
256 2653 300 2718 δέ.
330 2657 439 2730 (Hand.
462 2661 476 2718 Ι
498 2662 567 2731 582,
589 2657 629 2732 5).
679 2660 795 2719 duobus
826 2659 898 2719 locis
929 2659 1096 2718 invenimus
1129 2657 1291 2717 formulam

166 2778 236 2821 occe
258 2768 363 2833 441441,
386 2763 493 2839 quibus
517 2781 565 2822 res
587 2763 768 2838 improvisae
792 2769 961 2821 narrantur.
996 2762 1032 2821 41.
1055 2781 1079 2820 4.
1096 2766 1136 2822 60
1158 2759 1221 2837 (71,
1239 2763 1293 2831 10)

167 2869 258 2926 4183
282 2865 344 2941 (99,
360 2861 400 2936 3).

255 2970 299 3027 04
323 2969 516 3026 collocatione
541 2968 707 3044 particulae
730 2986 828 3044 44444
844 2966 983 3026 addenda
999 2972 1075 3025 sunt.
1112 2966 1293 3042 plerumque

89 3082 91 3087 '
168 3071 302 3130 secundo
333 3071 478 3129 enuntiati
507 3071 573 3128 loco
601 3071 737 3147 ponitur,
774 3069 827 3128 sed
855 3073 953 3127 tamen
983 3068 1063 3144 apud
1093 3085 1195 3128 omncs
1225 3066 1294 3127 1444

167 3173 329 3250 scriptores
357 3173 444 3232 etiam
475 3173 562 3232 tertio
586 3173 750 3232 sententiae
772 3172 838 3231 loco
868 3172 1036 3248 invenitur,
1067 3171 1090 3230 si
1114 3172 1191 3230 inter
1210 3170 1293 3239 ,duas

167 3277 278 3354 primas
308 3275 429 3334 voculas
458 3277 550 3334 artior
572 3274 732 3334 intercedit
753 3276 842 3345 ratic,
873 3275 915 3333 ita
938 3278 970 3332 nt
992 3274 1106 3350 diiungi
1129 3276 1293 3348 nequeant.

168 3379 253 3438 velut
274 3379 402 3454 primum
426 3378 475 3436 ubi
499 3379 647 3437 sententia
669 3378 772 3452 incipit
795 3397 813 3435 a
835 3378 953 3436 nomine
978 3394 1044 3434 cum
1067 3373 1293 3451 praepositione

169 3481 338 3553 coniuncto,
361 3487 459 3539 uatem
484 3481 570 3540 etiam
595 3481 768 3540 aPctronio
792 3478 872 3538 haud
890 3497 958 3537 raro
974 3478 1062 3536 tertio
1079 3478 1144 3535 1444
1160 3476 1294 3552 ponitur.

170 3583 206 3642 41.
230 3601 253 3642 4.
271 3587 309 3644 28
334 3580 395 3655 (30,
413 3580 459 3659 7),
482 3587 521 3644 35
546 3581 609 3660 (38,
624 3580 672 3655 4),
696 3586 735 3643 39
760 3585 820 3657 (43,
838 3579 884 3657 7),
907 3585 947 3641 44
971 3578 1033 3656 (49,
1049 3577 1089 3650 5).
1133 3579 1220 3637 411144
1242 3597 1295 3638 444

170 3703 201 3747 44
231 3684 321 3744 habet
351 3689 430 3746 443
462 3686 523 3756 (48,
540 3690 574 3746 24
603 3685 699 3760 focile
721 3692 765 3743 441
786 3681 895 3754 aotam)
926 3687 955 3741 et
985 3686 1026 3742 50
1056 3678 1189 3752 (57,13:
1220 3680 1298 3753 qaid

171 3786 283 3861 4414.)Ι
336 3789 476 3864 quoniam
506 3789 582 3848 enim
620 3789 745 3848 verbum
777 3791 821 3845 441
850 3804 868 3845 4
897 3785 1056 3860 Romanis,
1091 3782 1236 3860 imprimis
1268 3785 1295 3842 si

170 3971 286 4025 excidit:
317 3970 386 4024 scito
406 3969 600 4024 anteactam?
630 3967 705 4036 quod
728 3965 839 4034 quidem
866 3963 948 4017 l'acile
976 3961 1035 4015 lieri
1060 3959 1154 4029 potuit
1178 3967 1297 4029 4444144

170 4056 333 4127 praeeuntia
351 4061 379 4109 41
398 4054 545 4124 sequentia
563 4052 650 4106 verba
667 4055 789 4115 scotum,
806 4055 919 4113 scruta,
939 4049 1019 4102 scita.
1054 4046 1088 4100 41.
1107 4062 1129 4100 4.
1148 4050 1192 4100 38:
1223 4047 1296 4102 44114

170 4149 274 4210 aotam,
300 4142 441 4197 sociorum
465 4139 522 4195 otia
546 4137 618 4193 mata
638 4137 734 4207 foroot
757 4143 809 4190 414.
837 4151 860 4189 c.
880 4139 925 4188 76:
953 4132 1047 4196 saitis,
1081 4148 1183 4200 mappa
1210 4133 1297 4187 navis

159 4245 296 4296 mascam
306 4225 510 4296 fortitudinem
528 4224 617 4279 dabat.
