2744 4656
459 213 570 336 caput
595 238 796 317 secuudum.

548 397 610 468 §n
652 398 706 452 nc.

151 516 231 574 Usus
253 517 420 591 particulae
451 523 480 578 et
509 518 538 576 in
565 516 645 577 facili
673 521 703 577 et
725 518 896 594 neglegenti
926 516 1047 577 dicendi
1068 537 1189 597 genere,

69 637 125 692 quo
153 604 314 677 Petronius
346 620 454 697 utitur,
485 620 627 680 latissime
657 624 747 698 patet.
798 619 850 679 scd
880 620 1020 697 quoniam
1044 620 1080 679 de
1104 621 1188 681 vario

68 719 153 779 huius
176 720 341 795 particulae
367 739 422 780 asu
439 721 576 781 Handius
597 714 842 797 (liuor-540),
864 724 1037 797 Draegerus
1060 721 1089 792 (ἓ
1106 722 1188 795 311),

68 823 248 882 Kuehnerus
279 822 359 894 (ΙΙξ
385 822 484 895 1519)
518 825 665 884 uberrime
699 843 735 884 ac
766 825 919 885 scitissime
950 823 1189 904 disputaverunt,

67 926 136 984 satis
160 926 215 984 erit
239 926 354 985 omissis
377 926 420 985 eis
444 926 526 998 locis,
550 928 600 1004 qui
625 927 784 1003 evulgari
807 945 863 986 usu
887 946 946 986 nou
970 926 1116 987 recedunt
1138 946 1189 988 eos

67 1031 179 1086 tantum
204 1027 410 1100 considerare,
442 1029 548 1105 quibus
571 1033 623 1089 aut
646 1030 737 1106 paulo
762 1029 940 1089 insolentius
961 1029 1080 1090 videtur
1103 1049 1188 1090 usur·

66 1134 134 1205 pata
158 1149 233 1208 esse,
256 1133 309 1190 aut
332 1132 383 1207 qui
406 1129 444 1190 ad
468 1149 553 1190 usum
577 1132 749 1191 accuratius
765 1130 966 1191 definiendum
982 1130 1112 1209 aliquam
1128 1135 1187 1193 vim

66 1232 184 1310 habent,
207 1237 260 1293 aut
282 1233 391 1310 quibus
414 1234 451 1294 de
474 1235 624 1311 scriptura
647 1234 805 1302 verborum
830 1233 958 1294 dubitari
981 1239 1087 1311 potest.

148 1336 310 1413 Repetitae
345 1336 465 1413 saepius
501 1338 665 1412 particulae
703 1337 892 1397 memorabile
933 1338 1101 1414 exemplum
1143 1344 1189 1399 est

67 1456 90 1496 c.
104 1441 144 1499 66
168 1435 238 1512 (79,
261 1443 295 1498 7ε
327 1439 359 1497 iu
380 1455 492 1498 summo
516 1438 672 1498 tabuimus
695 1455 815 1499 casaria
837 1440 955 1498 moltero
978 1444 1007 1498 et
1029 1455 1136 1514 sapam
1159 1446 1189 1500 et

66 1541 206 1599 cochleas
227 1541 365 1614 stapulas
387 1546 415 1600 et
438 1541 554 1600 cordae
573 1542 680 1617 frusta
701 1548 730 1601 ct
754 1541 881 1615 hepatia
903 1543 935 1599 iu
957 1541 1070 1600 catillis
1090 1547 1118 1601 et
1133 1559 1188 1602 oua

63 1642 192 1714 pilleoda
214 1645 242 1701 et
264 1658 375 1715 rapam
398 1647 426 1701 et
447 1658 562 1716 senape
586 1648 617 1701 et
640 1645 774 1702 catillum
791 1645 997 1715 coucacaturu,
1019 1658 1086 1717 parc
1095 1647 1155 1717 pal
1174 1677 1188 1688 ·

66 1741 184 1816 demes).
209 1779 245 1787 —
287 1763 335 1804 um
358 1744 541 1821 singularem
567 1745 716 1822 quendam
740 1750 832 1805 artem
857 1746 887 1804 iu
918 1763 953 1804 eo
977 1744 1111 1806 exhibuit
1133 1748 1187 1808 Pe·

65 1845 188 1924 tronius,
212 1847 293 1923 quod
318 1846 377 1906 dno
400 1847 493 1906 verba
514 1848 551 1907 ab
576 1847 679 1907 eadem
703 1848 806 1908 littera
821 1848 997 1924 incipientia
1012 1849 1188 1925 interposita

65 1954 90 2006 ct
112 1949 263 2026 particula
285 1949 448 2009 coniunxit.
479 1969 504 2008 c.
523 1954 562 2010 14
579 1948 641 2028 (16,
657 1948 705 2022 8);
727 1951 853 2010 scissam
876 1956 904 2010 ct
917 1950 1083 2024 sordidam,
1107 1971 1130 2010 c.
1148 1956 1187 2012 15

65 2049 129 2129 (16,
155 2054 222 2122 lbi:
245 2053 377 2112 reddant
400 2057 430 2111 et
451 2053 618 2126 recipiant,
642 2071 666 2111 c.
691 2057 730 2114 25
745 2053 817 2128 (26,
834 2050 900 2125 10);
917 2053 1136 2128 plaudentibus
1159 2059 1189 2114 et

61 2153 296 2228 postulantibua
322 2174 345 2214 c.
363 2158 403 2215 39
430 2153 492 2230 (43,
509 2153 552 2227 7);
577 2154 665 2229 bipae
688 2160 716 2214 et
738 2155 834 2228 bocer,
857 2175 882 2215 o.
898 2159 938 2217 39
962 2153 1115 2228 (43,16):
1138 2173 1188 2216 co-

62 2272 154 2329 paues
170 2262 200 2315 et
218 2255 407 2329 cucurbitae,
433 2275 456 2315 c.
472 2261 512 2318 45
538 2255 600 2334 (51,
618 2255 683 2329 16);
705 2258 778 2315 miti
790 2262 821 2316 'et
835 2259 915 2329 meis,
939 2277 963 2317 c.
979 2263 1019 2319 46
1043 2257 1104 2331 (52,
1123 2256 1187 2331 11);

62 2359 165 2418 carias
187 2366 217 2418 et
240 2360 353 2431 uideas,
377 2377 402 2418 c.
419 2363 458 2420 56
483 2357 610 2432 (66‚1):
630 2362 721 2432 porri
744 2364 772 2419 et
788 2361 930 2433 persica,
954 2378 978 2419 c.
1000 2364 1039 2420 76
1063 2360 1125 2437 (91,
1139 2363 1187 2430 4);

63 2459 100 2518 ab
123 2461 193 2520 acia
215 2466 244 2520 ct
267 2477 340 2533 acu,
366 2478 390 2519 c.
414 2464 454 2522 87
478 2466 565 2534 (102,
591 2460 657 2533 lit:
689 2462 846 2535 deceptum
875 2469 903 2520 et
925 2464 1071 2534 derisum,
1096 2481 1120 2522 c.
1146 2466 1187 2524 88

63 2560 145 2640 (104,
162 2561 206 2635 bl:
231 2564 373 2622 docemus
396 2567 425 2621 et
447 2564 600 2635 ducimur,
625 2583 650 2622 c.
667 2568 706 2623 91
732 2563 816 2636 (110,
841 2560 908 2635 lli:
935 2566 1038 2641 fatear
1060 2570 1088 2624 et
1105 2581 1188 2639 prae

61 2681 106 2724 rac
126 2667 212 2740 fero,
237 2684 261 2724 c.
285 2668 326 2726 98
350 2665 438 2743 (118,
462 2663 530 2738 20);
562 2664 659 2726 reduc
682 2671 711 2725 et
733 2667 848 2740 redde,
871 2686 896 2726 c.
921 2671 980 2728 101
1005 2666 1096 2742 (122,
1119 2665 1186 2736 ret:

62 2768 209 2840 confusus
232 2773 261 2826 et
284 2768 402 2827 consilii
424 2784 524 2843 eperia·
547 2788 571 2828 c.
589 2773 648 2828 117
666 2766 750 2846 (150,
765 2765 813 2840 2);
836 2786 944 2828 aurum
967 2776 996 2828 et
1017 2774 1187 2843 arpentum,

61 2888 86 2928 c.
109 2874 167 2930 141
193 2868 267 2941 (205
276 2863 292 2948 ,’
308 2869 356 2941 8);
387 2872 595 2944 corrumpitur
618 2876 647 2929 et
670 2873 874 2944 conciliatur,
899 2891 923 2930 c.
941 2876 980 2932 18
1003 2870 1073 2950 (20,
1090 2875 1136 2941 2);
1159 2880 1190 2931 et

60 2972 273 3031 misericordia
296 2977 325 3030 et
347 2976 435 3031 iaetu.
479 2973 515 3031 cf.
539 2990 616 3048 quae
641 2973 677 3032 de
701 2973 805 3034 eodem
829 2992 885 3033 usu
908 2974 988 3049 apud
1012 2973 1185 3034 ciceronem

61 3072 227 3150 disputavit
249 3076 282 3133 F.
304 3074 412 3150 Hoppe
434 3076 465 3134 in
489 3093 589 3151 progr.
613 3093 712 3150 gymn.
737 3075 895 3136 Gumbinn.
919 3095 945 3135 a.
962 3079 1052 3136 1875.
1075 3097 1103 3154 p.
1118 3081 1146 3137 8.

147 3176 259 3236 Tribus
296 3177 343 3234 vel
378 3177 512 3254 pluribus
548 3176 647 3236 verbis
678 3180 726 3236 vel
761 3179 917 3238 sententiis
947 3179 1052 3256 positis
1084 3180 1186 3240 ultimo
