2744 4656
472 1303 582 1404 caput
609 1306 765 1404 primum.

93 1480 110 1549 ἕ
129 1484 155 1538 1.
189 1481 239 1535 De
262 1479 452 1548 proverbiis
476 1484 511 1536 et
534 1481 742 1547 quibusdam
766 1479 990 1548 comparendi
1013 1481 1143 1536 formis.

143 1617 286 1676 Homines
309 1617 442 1692 plebeios
464 1619 494 1677 in
518 1618 705 1677 sermonibus
728 1636 788 1676 non
812 1618 908 1676 minus
930 1617 1069 1676 manibus
1091 1637 1180 1693 quam

56 1736 133 1777 voce
155 1717 227 1794 quid
244 1720 376 1779 sentiant
391 1720 558 1796 exprimere
574 1721 759 1778 notissimum
782 1725 834 1778 est.
879 1720 979 1778 omnia
993 1719 1081 1795 enim,
1104 1714 1182 1796 quac

58 1821 175 1898 dicunt,
211 1822 298 1881 simul
331 1823 604 1882 vehementioribus
637 1823 765 1881 motibus
799 1823 995 1898 gestibusque
1031 1823 1184 1898 explicant

57 1929 149 2000 atquc
172 1924 330 1983 illustrant.
374 1925 427 1984 sed
450 1926 525 1984 haec
548 1925 641 1984 maior
664 1925 782 1984 dicendi
811 1925 950 1984 alacritas
974 1926 1060 1984 etiam
1085 1926 1184 1985 verbis

56 2028 130 2105 ipsis
157 2026 359 2087 diversissimo
387 2028 475 2087 modo
505 2027 663 2087 iudicatur.
707 2028 861 2104 popularis
891 2029 968 2086 enim
999 2028 1095 2088 oratio
1123 2030 1185 2087 uult

58 2128 176 2188 turdum
199 2135 228 2188 et
250 2131 439 2189 inconsultos
462 2146 555 2188 aures
580 2132 691 2204 irnpetu
714 2146 837 2204 rupere,
862 2131 1058 2189 tractandum
1077 2147 1110 2189 se
1125 2148 1185 2190 uon

53 2233 195 2306 praebet,
218 2233 361 2308 aufertur
384 2231 464 2305 (Sen.
487 2252 534 2309 ep.
556 2236 606 2309 40,
629 2230 671 2304 4).

145 2336 190 2394 Ao
223 2337 350 2412 primum
383 2335 502 2412 quidem
536 2337 672 2395 homines
710 2336 808 2395 minus
845 2335 953 2395 eruditi
990 2336 1020 2394 id
1059 2337 1185 2394 maxime

60 2456 182 2515 operam
206 2436 296 2515 dant,
327 2443 359 2496 ut
381 2439 539 2514 perspicue
570 2457 605 2497 ac
636 2437 766 2496 dilucide
788 2437 961 2513 loquantur.
1005 2455 1099 2513 quare
1123 2455 1186 2496 sae-

60 2541 181 2616 pissime
211 2541 306 2600 verba
336 2541 477 2617 exemplis
505 2541 658 2599 illustrare
688 2539 827 2617 student,
858 2538 987 2616 ideoque
1017 2540 1186 2616 proverbiis

61 2648 91 2701 et
112 2642 352 2718 proverbialibus
382 2643 564 2701 dictionibus
594 2660 747 2702 sermones
770 2641 921 2718 explicant
944 2646 973 2701 et
996 2646 1113 2701 ornant.
1137 2641 1188 2715 (cf.

61 2743 206 2804 Schefferi
236 2743 353 2803 dissert.
385 2746 423 2803 de
454 2744 560 2822 fragm.
591 2746 722 2820 Tragur.
753 2744 784 2802 in
817 2744 887 2802 edit.
917 2741 1031 2803 Burm.²
1054 2746 1082 2804 ll
1106 2744 1189 2816 396).

60 2848 162 2922 itaque
185 2833 352 2905 mirandum
376 2866 435 2905 uon
459 2852 503 2906 est
526 2848 555 2905 iu
579 2847 614 2904 iis
637 2845 703 2905 libri
722 2846 896 2905 Petroniani
912 2846 1056 2923 partibus,
1079 2847 1188 2923 quibus

61 2955 168 3008 auctor
190 2948 345 3008 libertinos
367 2949 502 3025 aliosque
534 2949 667 3007 homines
691 2949 819 3007 rusticos
843 2949 1001 3025 loquentes
1023 2948 1102 3020 facit,
1126 2967 1188 3007 sae-

61 3052 183 3128 pissime
206 3051 335 3109 inveniri
350 3051 510 3128 proverbia
527 3051 753 3126 sententiasque
770 3068 952 3109 communes.
996 3070 1073 3128 quae
1089 3056 1188 3110 tamen

62 3154 111 3212 hic
142 3172 318 3212 enumerare
350 3173 409 3212 non
437 3171 513 3231 opus
542 3155 613 3229 erit,
643 3153 817 3228 praesertim
848 3171 914 3210 cum
944 3152 1091 3213 Studerus
1122 3154 1141 3213 l.
1164 3172 1187 3212 c.

63 3257 155 3316 multa
177 3256 347 3334 collegerit,
377 3273 550 3333 quanquam
573 3257 615 3314 eis
638 3274 699 3314 non
723 3273 820 3331 pauca
843 3255 912 3313 addi
935 3260 1071 3332 possunt.
1115 3257 1190 3314 haec

62 3364 147 3419 tanta
175 3359 401 3436 proverbiorum
434 3360 521 3434 copia
549 3359 635 3416 etiam
667 3358 696 3414 in
728 3357 793 3415 aliis
821 3357 942 3434 scriptis
966 3359 1130 3428 invenitur,
1158 3357 1189 3417 in

64 3463 173 3538 quibus
204 3461 371 3520 cotidianus
401 3461 450 3520 vel
480 3461 614 3538 vulgaris
644 3459 766 3518 dicendi
796 3477 869 3518 usus
899 3460 1075 3531 adhibetur,
1106 3460 1192 3520 velut

63 3565 143 3641 apud
165 3570 271 3641 poetas
296 3564 425 3622 comicos
449 3565 529 3622 etin
553 3563 698 3622 Varronis
726 3563 825 3621 satiris
848 3562 1016 3639 Menippeis
1040 3561 1090 3635 (cf.
1112 3580 1190 3640 quae

64 3667 268 3726 Buechelerus
300 3665 420 3741 collegit
451 3666 481 3723 in
510 3665 623 3724 minore
655 3665 724 3724 edit.
751 3665 871 3723 Petron.
899 3683 924 3723 a.
949 3667 1029 3724 1871
1061 3684 1090 3741 p.
1113 3662 1189 3737 239)

64 3775 94 3828 et
120 3770 150 3828 in
178 3769 309 3828 Senecae
338 3768 613 3843 Apocolocynthosi
636 3766 667 3840 (l
691 3787 714 3825 c.
737 3786 764 3843 p.
787 3764 874 3838 242).
918 3773 988 3826 sunt
1017 3768 1093 3826 enim
1124 3786 1191 3843 pro·

64 3872 183 3946 verbia,
211 3874 243 3929 ut
273 3868 401 3929 Beckius
431 3868 475 3942 (in
506 3869 582 3928 libro
614 3888 667 3928 suo
691 3874 836 3928 accurato
860 3868 998 3945 quidem,
1028 3869 1080 3928 sed
1104 3869 1192 3928 nimis

65 3972 207 4031 verboso:
231 3972 296 4031 The
319 3990 375 4047 age
398 3971 432 4031 of
447 3972 605 4030 Petronius
620 3971 750 4029 Arbiter.
766 3970 945 4047 Cambridge
963 3973 1047 4030 1856
1071 3990 1099 4047 p.
1117 3969 1190 4041 131)

42 4081 145 4133 ¹recte
176 4073 260 4149 dicit,
292 4073 338 4132 tte
369 4074 499 4131 uebtclcs
530 4073 569 4146 of
589 4070 725 4146 populor
752 4072 888 4147 sectivo,
922 4074 1102 4146 exputccce
1131 4073 1195 4131 aad

66 4176 199 4235 misdom.

948 4289 989 4342 l*
