2744 4656
1169 261 1187 319 5

63 441 171 514 patur,
202 456 225 497 c.
243 441 297 497 68:
326 438 408 495 sicat
432 435 530 509 Venas
552 440 685 509 spectat,
714 437 843 512 itemque
867 436 955 508 quasi
978 453 1002 492 c.
1024 438 1078 495 39:
1103 440 1188 492 terra

64 540 288 598 corrotaadoto
310 540 397 612 quari
419 555 504 597 couno
526 542 556 596 et
578 538 682 613 fragm.
699 542 748 615 34,
772 542 802 597 1:
825 553 906 596 anor
928 537 1078 612 lepo'timur
1100 535 1187 595 debet

63 643 155 716 quasi
176 658 284 724 cropus
307 637 446 714 amart⁴l

98 757 102 763 ’
150 743 217 803 Alia
233 727 425 821 comparandi
445 743 520 802 ratio
536 762 596 803 nou
620 743 738 802 videtur
761 744 815 802 nisi
839 743 876 802 ab
899 741 1068 817 hominibus
1091 743 1187 802 minus

64 847 152 906 cultis
181 851 324 924 usurpata
356 847 459 905 fuisse.
512 865 579 904 nam
603 846 626 904 si
650 847 717 922 quis
747 865 813 905 cum
844 846 960 922 aliquo,
989 845 1037 905 vel
1070 845 1186 904 homine

62 949 112 1008 vel
136 949 230 1008 bestia
253 949 301 1007 vel
322 968 356 1008 re
378 948 596 1023 comparandus
618 952 680 1024 est,
711 948 818 1006 dicitur
840 967 899 1006 uon
922 949 947 1005 is
971 965 1049 1024 esse,
1079 947 1130 1023 qui
1154 965 1186 1006 re

62 1071 137 1110 vera
162 1056 221 1122 est,
252 1050 304 1110 sed
335 1051 380 1123 ic,
413 1069 541 1126 quocum
572 1054 771 1127 comparatur.
814 1050 855 1108 ita
879 1068 902 1107 c.
928 1052 981 1109 38:
1005 1050 1184 1125 phantasia,

63 1171 124 1212 noar
147 1154 242 1226 borno,
267 1173 290 1212 c.
307 1157 360 1215 43:
385 1154 552 1225 discordia,
576 1169 635 1211 non
655 1153 750 1224 leonto,
776 1170 799 1211 c.
816 1157 872 1212 44:
891 1152 994 1226 piper,
1016 1151 1185 1224 sunbona,

64 1278 89 1316 o.
106 1261 160 1318 58:
182 1258 321 1331 ntosrias,
342 1273 403 1315 roca
425 1258 579 1332 magister,
604 1275 627 1314 c.
646 1260 700 1315 74:
716 1255 831 1328 cadcn,
853 1255 1046 1326 succinctior,
1071 1274 1093 1313 c.
1113 1259 1186 1315 134:

63 1364 160 1418 lorcam
183 1361 214 1418 in
236 1376 333 1434 aqua,
357 1360 425 1418 'non
454 1339 590 1433 inguina.
643 1358 805 1417 nonnullos
835 1377 882 1418 ex.
901 1358 966 1416 aliis
990 1359 1186 1435 scriptoribus

63 1463 146 1522 locos
171 1463 319 1538 congessit
340 1464 374 1521 R.
397 1462 470 1520 Ellis
492 1461 530 1519 ad
555 1461 661 1522 Catull.
683 1464 752 1539 115,
773 1465 801 1537 8,
824 1460 931 1538 quibus
954 1459 1024 1518 addi
1047 1466 1185 1537 possunt:

62 1566 152 1641 Apul.
175 1572 242 1625 met.
267 1566 337 1624 VIII
363 1568 417 1642 25,
444 1564 588 1624 Ammian.
611 1565 744 1623 Marcell.
763 1564 847 1622 XVII
870 1568 918 1641 11,
942 1568 968 1639 1,
991 1563 1049 1622 (iic.
1072 1565 1102 1623 in
1126 1566 1185 1624 Pis.

62 1669 144 1745 apud
167 1670 249 1730 Serv.
273 1668 310 1726 ad
334 1670 423 1745 Verg.
446 1669 519 1727 Aen.
537 1669 607 1726 VIII
625 1671 701 1744 139;
726 1667 784 1727 Cic.
808 1665 846 1724 ad
870 1667 928 1726 Α11.
945 1667 1000 1726 VII
1019 1671 1065 1738 13,
1082 1671 1109 1728 6.

124 1768 125 1771 ’
149 1773 249 1848 Atque
273 1772 348 1830 haec
369 1772 514 1829 hactenus
530 1770 566 1828 de
582 1769 863 1847 comparationibus.
907 1788 962 1827 nec
983 1769 1079 1828 miuus
1094 1788 1185 1846 saepe
1226 1773 1228 1777 ’

62 1873 159 1952 plebei
183 1873 434 1949 iu-colloquendo
457 1873 635 1950 imaginibus
658 1878 687 1930 et
708 1871 954 1930 translationibus
980 1875 1120 1942 utuntur,
1149 1891 1184 1931 ac
1282 1942 1285 1949 „

63 1976 189 2035 maxime
213 1976 332 2053 quidem
360 1977 389 2034 in
420 1975 598 2053 quibusdam
628 1976 718 2034 certis
745 1973 885 2034 formulis.
930 1992 1004 2050 quas
1028 1994 1094 2033 cum
1118 1973 1184 2034 siu-

62 2079 154 2137 derus
185 2077 224 2154 (p.
249 2076 302 2150 84)
326 2079 544 2138 accuratissime
569 2078 740 2156 collegerit,
770 2081 906 2155 repetere
934 2096 993 2136 non
1026 2097 1102 2154 opus
1131 2083 1183 2137 est.

63 2201 153 2242 unum
178 2186 277 2240 tamen
300 2181 445 2240 adnotare
472 2181 568 2240 liccat.
612 2182 722 2240 multae
751 2183 829 2241 enim
857 2181 962 2240 harum
989 2180 1184 2240 formularum

61 2287 104 2345 ita
128 2285 306 2360 compositae
329 2288 415 2354 sunt,
443 2289 476 2342 ut
499 2285 586 2361 plura
609 2286 701 2343 verba
724 2285 761 2343 ab
784 2283 887 2343 eadem
910 2283 1010 2343 littera
1032 2285 1184 2360 incipiant.
1207 2273 1211 2282 ’

61 2390 105 2447 ita
128 2406 342 2464 nonnunquam
367 2388 460 2446 oritur
478 2388 655 2447 'allitteratio
683 2407 771 2463 quam
801 2405 952 2446 vocamus.
1000 2388 1184 2447 notissimum
1250 2407 1252 2410 ·

62 2495 109 2552 est
131 2491 209 2549 hauc
231 2489 454 2575 formaminde
482 2491 519 2549 ab
546 2491 758 2566 antiquissimis
787 2490 972 2565 temporibus
1002 2488 1082 2565 apud
1114 2491 1184 2548 scri-

61 2599 164 2671 ptores
187 2595 336 2653 Romanos
360 2594 503 2664 inveniri,
525 2594 566 2652 ita
588 2597 704 2670 tamen,
727 2596 760 2651 ut
782 2593 948 2669 posteriore
972 2595 1068 2651 aetate
1092 2594 1185 2669 magis

61 2697 217 2772 magisque
246 2698 412 2754 evanescat.
443 2693 493 2768 (cf.
521 2696 662 2772 Imprimis
691 2693 840 2754 Naekium
868 2695 898 2753 in
921 2694 1027 2753 Rhein.
1050 2695 1125 2753 Mus.
1141 2696 1184 2753 ΙΙΙ

64 2802 146 2860 1829
176 2818 204 2875 p.
228 2803 290 2859 324
310 2816 392 2874 seqq.
424 2799 593 2874 Machlyum
626 2798 655 2857 in
684 2799 721 2858 N.
749 2797 917 2856 schwcizer.
949 2798 1024 2855 llus.
1052 2815 1078 2855 a.
1103 2801 1184 2859 1864

60 2923 90 2979 p.
108 2906 168 2961 207
182 2919 264 2978 seqq.
288 2902 322 2960 E.
344 2901 442 2960 Loch:
466 2900 503 2959 de
527 2919 582 2960 usu
606 2901 687 2959 allitt.
711 2899 791 2976 apud
814 2905 892 2976 poet.
915 2900 964 2958 lat.
987 2899 1058 2958 diss.
1073 2902 1184 2975 Regim.

63 3003 166 3074 1865.)
190 3009 255 3063 erat
278 3008 377 3062 autem
401 3004 452 3062 uui
475 3004 603 3062 sermoni
629 3002 777 3063 cotidiano
801 3001 967 3079 familiaris,
989 3003 1025 3060 ab
1048 3003 1184 3061 oratione
1288 3030 1291 3033 ·

61 3107 197 3167 sollemni
219 3106 283 3165 fere
313 3107 432 3165 omnino
463 3106 569 3165 aliena.
613 3106 653 3163 ita
676 3106 705 3163 111
729 3105 874 3166 Varronis
897 3105 994 3164 satiris
1016 3105 1183 3181 Menippeis

61 3210 236 3286 saepissime
258 3209 428 3286 invenitur,
459 3228 518 3268 non
542 3209 690 3267 salumin
715 3208 897 3284 proverbiis,
925 3227 1002 3284 quae
1030 3208 1183 3266 titulorum

60 3314 126 3372 loco
149 3312 246 3371 satius
269 3313 474 3390 superscripta
494 3315 572 3387 sunt,
594 3310 750 3370 sedetiam
767 3313 795 3369 in
812 3312 885 3387 ipsis
901 3312 1059 3370 satirarum
1074 3311 1183 3369 verbis.
1241 3379 1242 3383 Ἰ

61 3421 123 3474 tum
156 3415 242 3473 ctiam
275 3414 305 3472 in
337 3414 467 3472 carmine
497 3413 617 3472 Publilii
641 3412 734 3490 ¹Syri,
770 3413 851 3490 quod
882 3413 1063 3472 Trimalchio
1094 3431 1117 3470 c.
1142 3415 1181 3473 55

61 3517 172 3587 laudat,
194 3518 223 3575 111
248 3534 430 3592 unoquoque
454 3515 517 3575 fere
539 3534 627 3575 versu
652 3517 782 3592 itemque
804 3517 835 3575 in
851 3515 986 3575 omnibus
1002 3516 1181 3574 comicorum

61 3621 220 3679 latinorum
244 3618 420 3695 fragmentis
436 3619 605 3695 saepissime
621 3620 781 3715 invenitur.
827 3638 842 3678 e
866 3619 1000 3678 Petronii
1018 3617 1094 3677 libro
1109 3618 1182 3676 baec

61 3725 168 3782 afferre
193 3723 264 3781 satis
288 3722 354 3798 erit,
376 3739 547 3798 quanquam
566 3741 625 3781 non
643 3741 761 3799 semper
777 3721 940 3781 diiudicare
957 3722 1058 3792 susim,
1081 3725 1181 3780 utrum

61 3826 199 3885 consulto
216 3825 346 3901 scriptor
356 3823 437 3883 hunc
453 3842 592 3883 sonorum
610 3830 786 3886 concentum
802 3825 944 3901 petiverit
959 3841 1066 3883 necue:
1090 3843 1114 3884 c.
1131 3827 1182 3885 34:

59 3975 264 3984 ————

31 4120 33 4123 ,
145 4075 169 4138 ⁴)
187 4071 322 4125 Indicabo
344 4071 499 4140 fragmenta
524 4073 597 4125 sicut
618 4071 733 4127 incdit.
752 4073 856 4128 Bucch.
880 4090 904 4127 a.
931 4075 993 4126 1862
1011 4072 1039 4124 iu
1058 4072 1182 4125 ordinem

60 4159 173 4212 redacta
191 4162 265 4224 sunt,
284 4172 443 4227 quanquam
461 4158 547 4210 multa
564 4157 737 4211 Buechelero
756 4159 815 4212 iuro
833 4159 872 4213 ita
891 4163 1024 4226 suspecta
1042 4162 1133 4222 erant,
1152 4164 1184 4212 ut

59 4243 87 4296 in
107 4244 173 4297 edit.
192 4241 348 4296 recentiore
367 4258 390 4295 a.
413 4247 473 4296 1811
494 4243 600 4310 aliquot
617 4259 734 4312 prorsus
752 4245 899 4299 omitteret.

129 4470 136 4499 Ι
