2744 4656
175 230 195 290 2

175 423 296 481 quoque
318 424 380 464 rem
402 405 494 480 paulo
518 406 687 463 accuratius
710 405 878 482 inquirere,
907 404 1082 482 praesertim
1106 423 1173 463 oum
1196 403 1296 462 adhue

175 526 231 566 neo
255 508 482 567 commentarius
505 525 561 566 111
583 506 674 565 index
697 509 808 581 exstet,
840 507 890 583 qui
920 508 956 566 ad
974 507 1041 565 'has
1070 525 1119 566 res
1149 507 1220 566 satis
1250 525 1296 565 re·

174 610 287 685 spiciat.
331 614 434 668 vastus
456 610 533 667 enim
549 609 687 668 editionis
702 609 943 668 Burmannianae
959 609 1189 667 commentarius
1205 627 1295 686 quam

173 730 270 787 pauoa
293 715 382 788 atquo
406 730 494 787 quam
518 710 597 770 falsa
620 710 657 770 da
679 712 724 769 his
747 711 838 770 rebus
858 711 964 770 dooeat
987 730 1072 770 nemo
1088 713 1190 770 nascit.
1236 729 1296 786 qua

175 811 212 871 de
243 831 334 872 eausa
361 813 517 872 eonsilium
548 812 612 890 oepi
641 831 739 891 pauca
762 813 950 872 conscribere
977 814 1013 871 de
1043 813 1196 873 nonnullis
1226 831 1296 888 syn-

174 916 251 974 taxis
285 916 485 974 Petronianae
519 917 655 992 partibus
687 917 873 991 maximeque
910 915 946 975 de
984 917 1119 992 vulgaris
1150 917 1296 975 sermonis

174 1035 230 1076 usu
261 1018 409 1093 loquendi.
455 1019 571 1077 initium
603 1019 723 1094 quidem
755 1018 821 1095 oepi
853 1019 1019 1078 studiorum
1046 1018 1084 1076 ab
1107 1017 1295 1078 observando

174 1137 230 1178 nou
254 1120 438 1196 quarundam
462 1120 686 1197 particularum.
732 1121 784 1179 sed
808 1120 894 1178 simul
917 1120 1078 1179 nonnullae
1102 1122 1173 1179 milri
1191 1138 1295 1179 ooour·

174 1227 279 1281 rerunt
309 1222 532 1281 observationes
565 1222 601 1280 de
631 1222 748 1298 plebeio
779 1239 916 1280 sermone
945 1223 973 1280 in
1003 1223 1189 1298 universum,
1220 1241 1296 1298 quas

174 1323 304 1382 breviter
326 1325 521 1399 praemittam.
565 1322 602 1382 de
633 1323 696 1382 aliis
727 1328 826 1383 autem
857 1325 1003 1383 sermonis
1025 1325 1196 1384 Petroniani
1225 1344 1295 1401 pro-

173 1426 365 1502 prietatibus,
389 1445 465 1502 quas
489 1445 544 1501 ego
568 1427 668 1502 omisi,
695 1426 731 1484 of.
754 1426 898 1502 imprimis
922 1426 1151 1502 disputationem
1175 1426 1296 1487 Studeri

174 1529 204 1586 in
227 1530 332 1587 Rhein.
356 1530 430 1587 Mus.
451 1529 492 1604 ll,
517 1531 598 1590 1843
622 1549 650 1605 p.
666 1532 706 1588 50
719 1547 802 1605 seqq.
826 1533 856 1588 et
877 1548 907 1605 p.
923 1533 984 1589 202
997 1528 1079 1605 seqq.
1104 1537 1133 1588 et
1156 1529 1295 1588 disserta·

173 1632 270 1690 tiones
294 1631 441 1706 Ludwigii
465 1635 494 1689 et
516 1632 551 1690 A.
574 1650 592 1688 a
615 1631 774 1691 Guarioke.
