2744 4656
1119 228 1180 288 *13

5 401 8 406 ’
57 418 161 461 omnes
185 401 363 479 scriptores,
394 403 445 478 qui
475 420 640 462 sermonem
672 402 819 480 plebeium
843 403 892 463 vel
917 404 1095 462 cotidianum
1119 405 1179 463 imi-

56 508 169 575 tantur,
193 506 364 582 saepissime
388 505 577 565 deminutivis
600 507 702 565 utitur.
746 506 795 564 hic
811 524 883 566 usus
898 525 935 564 ex
952 512 1032 567 motu
1049 507 1179 583 quodam

55 608 147 666 animi
178 606 372 684 explicandus
400 611 445 666 est
476 609 553 685 eius,
583 608 632 684 qui
662 609 811 685 loquitur,
838 609 1042 692 nonlquidem
1065 628 1181 687 semper

56 711 159 786 hilari,
187 714 220 769 ut
247 709 321 770 falso
345 711 499 770 contendit
519 705 684 771 Muellerus
708 710 758 782 (de
781 711 851 788 ling.
874 712 924 770 lat.
947 711 1088 772 deminut.
1112 712 1182 771 diss.

55 815 172 890 Regim.
203 833 228 871 a.
261 816 341 873 1865
369 834 397 891 p.
422 812 489 885 19),
518 812 570 872 sed
603 813 690 873 etiam
722 813 802 872 haud
829 828 901 874 'raro
933 833 949 873 e
980 810 1183 884 misericordia

56 916 198 992 quadam.

246 1102 263 1173 ἐ
280 1107 308 1163 5.
341 1103 391 1158 De
413 1102 571 1170 parataxi
591 1117 654 1170 pro
676 1103 846 1170 hypotexi
867 1104 989 1171 posita.

145 1223 290 1282 Homines
312 1223 409 1282 minus
432 1223 549 1300 eruditi,
571 1224 649 1282 sicut
673 1223 815 1300 infantes,
838 1225 867 1282 in
890 1223 1041 1300 loquendo
1065 1227 1182 1283 senten-

57 1327 115 1384 tias
137 1325 321 1401 paralactice
343 1327 442 1385 solent
465 1325 636 1403 adnectere,
657 1345 718 1384 non
743 1326 866 1385 alteram
885 1326 976 1385 alteri
992 1327 1183 1402 subiungere.

57 1429 237 1504 plerumque
267 1435 425 1505 praeterea
453 1429 648 1504 temporalem
674 1431 805 1498 tantum,
833 1446 893 1487 non
917 1429 1067 1487 causalem
1091 1430 1182 1505 respi-

58 1532 143 1590 ciunt
167 1532 328 1607 rationem,
358 1548 434 1607 quae
461 1530 621 1590 intercedit
641 1532 720 1590 inter
744 1531 820 1590 duas
843 1531 1014 1590 sententias.
1059 1550 1120 1607 quo
1143 1531 1183 1602 fit,

59 1639 92 1692 ut
116 1633 209 1692 multo
233 1635 328 1692 rarius
349 1634 506 1693 in‘eorum
529 1634 715 1692 sermonibus
738 1635 908 1709 particulae
931 1636 1094 1693 sententias
1116 1654 1184 1693 con-

59 1738 220 1812 iungentes
235 1737 438 1811 inveniantur,
458 1755 546 1812 quam
561 1737 591 1794 in
608 1736 760 1796 hominum
778 1737 973 1796 eruditiorum
990 1738 1185 1796 sermonibus.

60 1844 98 1917 et,
123 1858 202 1914 quae
222 1840 431 1916 inveniuntur,
454 1847 524 1898 sunt
547 1839 692 1915 plurimae
716 1844 768 1898 aut
791 1841 981 1916 copulativae
1004 1845 1057 1899 ant
1080 1841 1184 1902 adver-

59 1941 186 2017 sativae,
208 1941 300 2000 mnlto
324 1942 421 2000 rarius
443 1945 543 1999 autem
567 1942 705 2000 causales
720 1959 834 2018 eaeque
851 1943 1029 2018 plerumque
1047 1943 1185 2002 liberiore

60 2043 149 2103 modo
173 2050 343 2122 usurpatae.

147 2145 182 2204 In
199 2148 335 2222 parataxi
351 2164 440 2223 quam
457 2145 517 2204 dixi
534 2145 753 2205 consideranda
768 2147 957 2223 Draegerum
974 2147 1004 2221 (ἓ
1018 2151 1079 2208 368
1090 2150 1185 2225 seqq.)

60 2256 183 2308 secutus
206 2249 322 2307 initium
347 2249 461 2324 capiam
485 2248 521 2306 ab
543 2247 579 2306 iis
603 2249 710 2319 verbis,
734 2267 821 2326 quae,
844 2229 911 2308 oum
934 2250 1025 2325 vulgo
1045 2250 1086 2308 ita
1102 2269 1185 2309 usur-

61 2358 188 2428 pentur,
212 2356 244 2431 ut
267 2368 401 2427 sequens
422 2351 571 2409 sententia
594 2351 630 2408 ab
653 2351 712 2409 illis
734 2351 884 2428 pendeat,
907 2352 987 2429 apud
1011 2354 1185 2412 Petronium

62 2455 236 2529 saepissime
260 2453 405 2512 dissolute
428 2453 458 2511 in
481 2454 565 2512 initio
589 2455 735 2512 enuntiati
756 2461 920 2530 ponuntur.

153 2555 290 2615 Credere.
319 2575 343 2614 o.
359 2555 521 2614 52teredo
538 2555 664 2627 dixerit,
688 2574 712 2614 c.
730 2560 784 2615 63:
808 2560 929 2629 oportet
951 2557 1096 2629 credatis,
1117 2564 1188 2616 runt

61 2660 204 2717 mulieres
225 2659 392 2731 picardiae,
423 2676 447 2715 o.
468 2660 523 2717 92:
551 2673 641 2729 eques
665 2656 819 2716 Romanus
846 2701 877 2714 ..
903 2662 1055 2717 errantem
1080 2702 1111 2716 ..
1135 2660 1209 2717 cdv

63 2762 169 2833 duait,
195 2762 302 2831 eredo,
326 2767 359 2818 ut
382 2804 414 2818 ..
438 2765 592 2831 uteretur,
617 2778 641 2819 e.
659 2764 735 2819 113:
759 2759 924 2820 decedebat
947 2761 1024 2833 linc,
1053 2775 1132 2835 qnod
1155 2808 1187 2821 ..

67 2865 156 2922 Giton
180 2908 210 2922 ..
235 2861 370 2936 ooccdot,
393 2863 495 2934 eredo,
518 2857 701 2935 veritusne,
725 2882 750 2921 o.
768 2868 844 2924 138:
864 2863 1004 2935 forsitan
1026 2865 1189 2938 resipisce-

63 2974 131 3026 rent
150 2972 261 3040 portes
277 2967 431 3037 ueneficio,
455 2965 559 3037 eredo,
582 2966 710 3038 sopitae.
755 2967 875 3043 saepius
891 2968 979 3025 etiam
995 2969 1189 3043 imperativus

63 3072 105 3130 ita
127 3069 260 3146 ponitur.
305 3068 343 3126 of.
365 3086 389 3126 c.
404 3071 461 3128 46:
485 3068 578 3126 erede
600 3066 687 3138 milti,
710 3069 858 3140 quidquid
879 3069 985 3140 discis,
1010 3066 1063 3127 tibi
1086 3070 1188 3141 discis,

65 3193 89 3231 c.
107 3175 162 3233 69:
186 3172 278 3229 erede
299 3170 381 3242 milti,
404 3176 432 3229 et
454 3187 504 3228 uos
526 3172 669 3242 novimus,
692 3188 715 3228 c.
739 3173 815 3230 129:
839 3170 933 3229 erede
955 3171 1036 3243 milti,
1060 3187 1120 3230 reon
1144 3173 1189 3229 trr-

66 3276 190 3348 tellepo,
214 3292 238 3331 c.
254 3276 310 3332 47:
334 3273 450 3331 credite
471 3273 553 3343 milti,
577 3272 796 3346 anathymiasis
819 3274 849 3331 ira
864 3271 1024 3331 cerebrum
1041 3275 1072 3348 it,
1095 3293 1119 3333 c.
1135 3279 1189 3335 52:

65 3377 183 3435 credite
204 3376 285 3447 milti,
310 3375 472 3434 cordacem
494 3390 578 3432 uento
601 3375 705 3432 metirer
728 3375 823 3446 ducit,
847 3393 870 3433 c.
890 3379 942 3435 77:
966 3378 1083 3435 credite
1105 3378 1188 3450 criti,

65 3495 165 3537 ocrem
187 3478 316 3552 trudeus,
339 3493 434 3536 orrens
456 3479 578 3546 rutena
601 3477 693 3534 hodes
715 3475 880 3536 teodeberta.
926 3477 977 3550 (cf.
1000 3479 1186 3555 Drangerum

65 3583 175 3659 §369,
198 3587 231 3657 l,
259 3582 308 3658 qni
339 3598 443 3640 vereor
473 3599 510 3638 ne
537 3580 624 3638 nimis
647 3586 733 3638 acute
757 3580 833 3638 inter
856 3581 948 3638 erede
970 3581 1043 3638 milti
1065 3585 1095 3640 st
1116 3583 1190 3641 stilti

65 3683 159 3751 crede
182 3675 360 3758 distinxerit,
384 3700 450 3740 nam
474 3681 646 3741 aPetronio
670 3681 742 3739 criti
764 3683 885 3758 saepius
909 3691 987 3760 ante,
1010 3702 1099 3759 quam
1120 3691 1189 3761 post

66 3786 160 3845 erede
183 3787 312 3869 ponitur.
356 3785 539 3843 Kuehnerus
554 3784 582 3840 ll
604 3782 714 3860 §178,
729 3788 772 3844 4a
794 3784 832 3843 de
856 3784 960 3844 eadem
984 3804 1015 3844 re
1039 3804 1188 3862 quaerens

67 3891 224 3950 adnotavit
247 3889 420 3949 Ciceronem
444 3886 600 3946 formulam
623 3886 696 3944 milti
718 3887 810 3945 crede
832 3889 926 3963 magis
949 3906 1076 3964 amasse,
1100 3909 1188 3966 quam

68 3995 159 4053 erede
182 3992 255 4051 milti
278 3992 314 4050 ad
339 3989 507 4048 evitandam
532 3990 695 4047 clausulam
727 3992 915 4065 pentametri.
959 3990 1011 4049 sed
1036 4011 1105 4050 num
1128 3993 1189 4051 tale

68 4098 227 4156 discrimen
258 4096 347 4153 statui
378 4093 485 4170 possit,
514 4091 603 4150 valde
627 4091 746 4168 dubito,
778 4094 951 4169 praesertim
976 4111 1042 4153 cum
1065 4095 1123 4152 loci
1146 4096 1189 4153 illi

67 4201 95 4258 in
114 4200 210 4260 Oiccr.
233 4202 307 4256 orat.
330 4196 359 4254 in
379 4197 460 4255 Vcrr.
476 4196 518 4254 lV
534 4197 583 4265 59,
601 4197 660 4255 132
684 4201 713 4253 et
738 4198 798 4254 133
821 4197 1005 4271 apertissime
1029 4198 1189 4258 videantur
