2744 4656
1182 253 1218 312 ct

188 430 222 487 lu
245 447 269 488 c.
285 434 323 490 41
351 428 413 506 (45,
425 433 455 499 3)
480 429 573 489 codex
597 430 731 489 exbibet:
754 429 803 488 hic
825 445 911 502 uper,
935 446 1000 487 cant
1023 429 1090 488 heri
1110 444 1223 485 snrrtnm

102 547 207 590 cenam
230 532 428 604 vindicasset,
459 533 631 591 aconvivis
654 533 803 590 dimissas.
848 532 989 608 primum,
1020 536 1054 590 ut
1075 549 1221 608 gramma-

101 634 177 694 ticae
201 636 309 694 rationi
332 634 464 706 satisfiat,
488 635 645 711 obiectum,
668 634 749 710 quod
773 639 911 709 vocatur,
934 635 1016 694 verbi
1039 635 1223 693 vindicasset

101 737 277 813 postulatur,
301 739 381 813 quod
405 737 527 814 quidem
543 739 747 797 Buechelerus
763 739 918 813 ingeniose
934 737 1064 796 restituit
1079 736 1223 796 scribens:

101 855 178 899 cena
207 856 281 898 enm.
332 849 393 899 tum
426 845 493 916 post
524 841 665 898 dimissas
688 841 828 899 addenda
851 845 896 899 est
919 841 1027 916 copula
1049 844 1108 910 est,
1140 841 1222 915 quod

100 942 169 1001 item
194 944 250 1002 iam
274 963 292 1001 a
312 943 498 1002 Buechelero
521 943 630 1001 factum
654 947 707 1002 est.
758 943 833 1001 idem
863 942 1000 1001 adnotat:
1031 958 1120 1001 cena
1150 960 1222 1003 enm

101 1046 230 1117 scripsi,
262 1050 294 1102 vt
317 1047 558 1104 manumissionis
580 1045 786 1119 metaphoram
815 1061 985 1115 servarem;
1016 1046 1223 1105 vindicaverat

101 1163 209 1220 apritm
231 1165 346 1206 samma
369 1165 461 1220 cena,
491 1148 548 1206 hac
578 1157 621 1206 est
651 1151 681 1206 in
704 1154 840 1207 extrema
862 1164 937 1207 cena
960 1150 1120 1222 oppositas
1143 1154 1221 1208 erat.

101 1251 125 1308 si
156 1255 238 1309 recte
269 1251 409 1326 intellego
441 1253 518 1310 hanc
554 1251 798 1327 explicationem,
829 1251 903 1309 haec
932 1257 989 1309 est:
1021 1242 1106 1309 orda
1128 1267 1223 1311 cenae

100 1353 261 1411 hesternae
289 1357 331 1411 ita
361 1354 526 1427 dispositas
549 1357 630 1423 erat,
661 1358 693 1410 vt
724 1354 754 1411 in
778 1358 914 1411 extrema
938 1369 1011 1411 cena
1034 1355 1123 1412 etiam
1145 1370 1223 1428 aper

101 1460 317 1528 apportaretur.
362 1456 420 1514 sed
449 1457 588 1515 convivae
618 1457 677 1513 iam
698 1459 797 1513 saturi
819 1471 885 1513 enm
908 1457 1099 1529 dimiserant,
1126 1458 1168 1515 ita
1190 1461 1224 1516 ut

100 1558 284 1616 vindicasset
318 1559 455 1634 ambigue
486 1558 596 1617 dietum
630 1559 678 1628 sit,
718 1577 783 1616 cum
820 1557 967 1633 significet
996 1560 1155 1630 postulare
1187 1579 1222 1620 ac

100 1660 249 1746 simul'de
273 1662 502 1719 manumissione
519 1663 677 1737 cogitetur.
722 1661 774 1720 sed
800 1660 848 1718 hic
863 1661 946 1719 lusus
962 1660 1119 1720 verborum
1136 1660 1222 1721 nimis

100 1768 186 1821 acute
216 1763 403 1837 excogitatus
433 1767 462 1821 et
497 1763 533 1822 ab
560 1763 678 1838 ingenio
702 1762 813 1821 hiberti
850 1762 955 1821 inculti
988 1761 1148 1823 abhorrere
1181 1765 1222 1822 vi-

101 1864 197 1923 detur.
254 1865 397 1940 fortasse,
438 1871 468 1923 ut
506 1870 621 1923 taceam
662 1865 698 1924 de
737 1864 983 1940 improbabilibus
1017 1863 1160 1924 Schetieri
1194 1871 1223 1926 et

100 1968 216 2026 Heinsii
246 1967 459 2027 mutationibus
491 1968 680 2027 scribendum
712 1974 773 2027 est:
802 1984 868 2026 cnm
898 1968 990 2026 heras
1017 1968 1083 2026 heri
1109 1984 1222 2026 samma

100 2085 176 2128 cena
212 2086 277 2128 enm
313 2071 487 2129 indicasset.
542 2090 609 2130 uam
649 2073 671 2129 si
705 2087 820 2128 samma
853 2086 928 2129 cena
961 2070 1122 2130 ablativum
1157 2090 1222 2131 esse

100 2179 254 2247 putamus,
290 2172 321 2231 id
359 2173 439 2248 quod
476 2174 545 2231 mihi
584 2173 663 2232 haud
702 2172 823 2232 dubium
861 2172 996 2249 videtur,
1034 2172 1223 2232 desideratur

99 2275 273 2334 subiectum.
330 2277 385 2334 hoc
429 2279 545 2352 autem,
597 2294 663 2335 cum
716 2281 818 2350 aperte
868 2276 999 2334 convivis
1041 2280 1221 2350 opponatur,

100 2379 250 2453 aptissime
288 2378 376 2438 datur
406 2378 620 2454 significatione
656 2379 891 2438 Trimalchionis.
943 2379 972 2436 in
1011 2378 1221 2438 coniunctione

100 2484 198 2539 autem
222 2481 382 2540 verborum
406 2482 469 2541 iere
493 2482 596 2541 eodem
620 2481 709 2540 modo
731 2482 909 2557 sonantium,
932 2484 964 2540 ut
987 2481 1077 2539 herum
1099 2481 1221 2556 etheri,

99 2583 217 2642 minime
251 2583 462 2643 offendendum
501 2602 566 2643 esse
598 2587 654 2642 iam
689 2602 781 2659 supra
812 2603 840 2659 p.
868 2588 885 2643 7
917 2584 988 2641 satis
1021 2582 1221 2642 demonstravi

100 2687 305 2762 exemplisque
329 2686 512 2746 confirmavi.
548 2692 610 2746 tum
627 2687 807 2749 Trimalchio
831 2704 882 2745 eos
905 2686 996 2761 cibos,
1018 2703 1094 2762 quos
1110 2685 1220 2761 apponi

98 2789 193 2863 iussit,
215 2806 331 2864 semper
353 2789 417 2865 ipse
433 2790 552 2848 videtur
573 2789 759 2848 indicavisse.
792 2789 823 2847 in
846 2789 942 2863 capite
960 2789 1036 2847 enim
1052 2792 1092 2848 47
1110 2786 1171 2863 (55,
1189 2785 1220 2860 2)

99 2910 115 2949 e
146 2891 240 2949 tribus
268 2892 361 2949 subus
384 2878 474 2950 unum
498 2891 651 2967 designat,
685 2894 735 2968 qui
760 2891 919 2950 occidatur.
964 2896 994 2950 et
1015 2897 1095 2950 certe
1119 2891 1220 2949 verisi-

99 2993 166 3051 mile
198 2998 243 3052 est
272 2993 521 3053 Trimalchionem
552 2995 749 3052 lautissimam
771 2994 918 3052 hominem
940 2993 1048 3053 cotidie
1072 2993 1134 3052 iere
1157 3012 1219 3053 eos-

99 3095 164 3153 dem
190 3096 276 3155 ludos
298 3098 467 3174 ingeniosos
490 3097 644 3156 conficere.

184 3200 218 3257 lu
243 3217 265 3256 c.
291 3204 328 3258 ii
353 3200 414 3271 (85,
433 3197 463 3270 6)
490 3199 631 3277 legimus:
662 3204 691 3258 ei
717 3215 826 3257 vittam
849 3199 900 3265 (ita
922 3199 979 3256 iam
1002 3199 1028 3257 J.
1050 3197 1220 3258 Gronovius

100 3307 180 3359 recte
210 3303 327 3376 scripsit
356 3320 412 3377 pro
442 3300 543 3374 tertam)
574 3303 643 3360 ticet
669 3306 803 3374 fractam
832 3302 958 3374 scalpas
989 3305 1018 3358 et
1039 3317 1132 3373 saper
1155 3316 1220 3359 eam

94 3419 226 3476 prnernm
254 3406 435 3476 ptorantem.
481 3406 509 3463 in
543 3406 597 3462 hac
627 3405 773 3463 sententia
803 3404 872 3462 ticet
903 3404 1037 3479 ineptum
1067 3407 1119 3462 est.
1164 3421 1220 3461 nec

99 3506 174 3564 enim
206 3511 251 3565 est
280 3505 470 3565 concedentis
500 3507 548 3565 vel
576 3507 775 3583 permittentis
803 3507 858 3566 hoc
881 3505 1083 3581 enuntiatum,
1104 3511 1220 3564 'verum

100 3609 237 3668 iubentis.
282 3615 438 3684 praeterea
460 3612 488 3668 in
514 3611 649 3668 omnibus
673 3609 821 3685 prioribus
844 3608 1006 3678 sententiis,
1029 3609 1139 3684 quibus
1154 3609 1220 3666 Tri-

100 3711 225 3768 malchio
256 3716 477 3771 monumentum
506 3730 589 3770 suum
614 3711 770 3786 describit,
803 3729 919 3786 semper
942 3711 1007 3769 solo
1030 3710 1220 3770 coniunctivo

100 3815 204 3889 utitur,
225 3815 324 3872 velut:
351 3815 500 3888 saciatur,
520 3814 631 3887 facias,
651 3829 762 3886 prorsas,
785 3814 887 3872 dnect.
926 3832 1018 3889 quare
1035 3813 1083 3871 hic
1098 3831 1220 3889 quoque

98 3918 225 3991 scalpus
248 3935 302 3993 per
324 3935 356 3975 se
379 3915 516 3975 sulficere
539 3922 569 3975 et
592 3918 663 3975 iicet
684 3918 713 3974 iu
734 3918 851 3974 scilicet
866 3915 1039 3975 mutandum
1056 3933 1121 3975 esse
1138 3920 1219 3991 puto.

186 4019 220 4077 ln
252 4038 273 4077 e.
298 4023 337 4079 93
369 4019 451 4093 (112,
477 4018 527 4091 11)
558 4019 643 4078 codd.
670 4019 796 4077 hahent:
826 4034 895 4075 nam
923 4020 951 4076 si
972 4019 1081 4091 alianis
1103 4034 1143 4077 en
1166 4020 1220 4090 eis,

99 4124 203 4194 anim
232 4122 333 4181 eodem
360 4124 501 4196 spnoecio
519 4126 647 4195 potant,
680 4138 783 4180 nomen
801 4125 912 4193 pinetae
934 4121 1093 4193 olfecerit,
1127 4124 1219 4179 totam

99 4222 262 4282 criticitahit
286 4226 424 4284 viciniam
447 4231 475 4283 et
497 4241 550 4283 itas
573 4240 673 4283 amites
694 4222 748 4281 snb
772 4223 876 4280 eadem
893 4238 990 4281 caasa
1004 4221 1126 4280 obruet.
1151 4223 1234 4291 enixu

1012 4332 1046 4381 Β)
