2744 4656
180 232 220 292 26

182 409 385 467 Buecheler-us
408 410 488 468 16666
512 428 535 466 6.
552 413 592 468 99
615 408 747 484 (311131
777 417 806 468 61
828 411 963 483 66116666
986 427 1013 483 q.
1036 440 1079 450 -
1101 427 1157 483 epo
1180 408 1295 481 autera),

182 514 221 569 96
245 508 329 586 (116,
346 514 379 570 6;
402 515 431 568 61
454 511 504 568 1116
526 528 553 583 q.
578 541 618 549 -
642 527 697 584 opo
721 508 848 585 auteur),
880 516 939 573 106
963 511 1046 584 (191,
1064 518 1098 573 76
1122 513 1294 585 61166666.

178 642 221 653 —
251 617 384 671 celerata
413 610 544 682 rrrerlr'cr).
594 613 652 673 alio
689 613 777 672 modo
808 616 956 691 oppositio
986 615 1117 674 indicata
1146 623 1192 675 est
1221 635 1245 674 6.
1261 618 1295 676 69

180 714 242 792 (69,
261 719 314 775 14:
337 719 365 774 et
388 715 463 775 ltaec
486 732 511 788 q.
535 714 704 774 tolerabilia
727 720 967 789 66661,616661
998 723 1027 777 66
1050 720 1089 778 99
1114 718 1199 795 (120,
1214 723 1248 780 8:
1271 723 1298 776 61

181 817 343 890 Eumolpus
365 834 392 891 q.
415 847 456 856 -
478 815 554 892 cao).
604 837 706 878 omnes
737 819 766 878 hi
795 820 854 879 loci
882 820 924 879 ita
954 821 1119 896 comparati
1149 826 1235 892 6666,
1269 825 1298 879 66

182 920 377 996 vocabulum,
408 919 488 995 quod
519 921 596 980 inter
624 925 654 980 et
683 925 713 980 66
743 922 862 994 quidem
891 916 1050 999 inseritur,
1080 924 1298 982 accuratissime

179 1020 362 1097 respondeat
395 1022 452 1098 illi,
489 1022 569 1098 quod
604 1024 750 1099 particula
783 1029 882 1083 autera
914 1028 944 1083 66
976 1024 1041 1084 61116
1072 1025 1099 1084 61
1132 1026 1299 1102 opponitur.

179 1142 296 1200 semper
329 1125 485 1201 utriusque
514 1125 599 1185 verbi
628 1125 704 1184 idem
737 1145 824 1186 casus
853 1129 967 1202 positus
997 1134 1049 1188 est.
1101 1129 1172 1186 huic
1204 1128 1299 1187 obser·

79 1249 80 1252 ¹
179 1227 291 1284 rationi
320 1232 381 1286 tres
411 1227 469 1286 loci
499 1229 618 1288 obstare
650 1229 798 1288 videntur.
852 1229 979 1306 primum
1010 1249 1035 1290 c.
1058 1232 1118 1290 115
1149 1228 1299 1306 (147,17)

178 1329 319 1404 legimus:
352 1337 381 1389 et
410 1329 536 1390 Lr'caaor
566 1333 684 1404 quidem
713 1349 806 1405 rapsa
838 1334 967 1392 irrlmicis
1001 1335 1134 1393 collatas
1165 1332 1300 1392 aturribus

180 1429 331 1489 adolebat.
372 1431 537 1506 Eumolpus
559 1439 656 1492 aulem
672 1434 742 1492 duro
758 1436 942 1509 eptpraroma
955 1439 1072 1494 ritortao
1085 1437 1179 1511 facit,
1202 1437 1300 1496 oculos

180 1535 222 1592 aa
242 1537 438 1593 arcessendos
460 1551 564 1594 saresta
586 1537 708 1610 lanatas
729 1537 828 1609 611111,
851 1543 913 1596 666
937 1538 1043 1596 lacuna
1065 1540 1211 1614 sequitur.
1248 1538 1300 1598 sed

178 1636 236 1694 iam
275 1637 478 1697 Buechelerus
513 1639 773 1699 inconcinnitatem
810 1641 899 1698 huius
935 1641 1101 1700 sententiae
1138 1642 1300 1700 rectissime

179 1739 273 1798 sensit
300 1740 432 1811 6661116,
463 1745 552 1819 pute,
582 1742 618 1800 de
643 1743 740 1802 causis
763 1744 949 1801 enuntiatum
973 1744 1003 1801 in
1028 1742 1149 1803 dubiam
1173 1743 1301 1818 vocavit,

180 1844 337 1918 suspicans
359 1847 427 1919 post
445 1845 526 1916 facit
549 1843 696 1904 excidisse
719 1849 756 1903 et.
794 1850 823 1904 et
845 1849 926 1904 66666
948 1844 978 1904 id
995 1846 1199 1905 Buechelerus
1223 1846 1300 1932 nide-

179 1949 228 2002 tur
259 1945 455 2020 perspexisse.
505 1946 642 2005 facillime
672 1951 770 2006 autem
800 1947 999 2024 intellegitur,
1036 1949 1187 2024 quomodo
1218 1967 1301 2008 error

180 2052 263 2106 ortus
294 2047 340 2106 sit.
385 2047 523 2107 librarius
554 2050 630 2108 enim
661 2049 825 2108 clausulam
848 2051 1014 2109 sententiae
1037 2051 1214 2126 completam
1238 2069 1302 2111 esse

180 2153 271 2227 ratus,
295 2153 495 2210 utsermonis
519 2156 690 2212 contextum
714 2153 931 2228 quodammodo
955 2154 1142 2232 restitueret,
1166 2160 1196 2212 et
1218 2154 1303 2214 eiecit

180 2256 210 2310 66
233 2253 411 2327 Earaolpaar
433 2255 462 2312 16
487 2255 651 2328 Eumolpus
675 2255 808 2314 mutavit.
851 2255 978 2332 ideoque
1009 2274 1065 2333 ego
1089 2275 1213 2333 quoque
1236 2275 1301 2316 cum

179 2357 364 2416 Buechelero
402 2362 431 2413 cl
465 2357 613 2416 excidisse
647 2361 677 2415 66
709 2357 886 2416 6666666166
921 2375 985 2416 6666
1018 2358 1188 2417 166666666
1222 2363 1303 2435 puto.

180 2476 273 2533 quare
303 2458 341 2517 de
372 2459 428 2518 lroc
458 2459 523 2525 loeo
547 2460 682 2535 quaestio
705 2459 735 2518 in
760 2459 854 2520 medic
878 2459 1076 2535 relinquenda
1098 2464 1151 2519 est.
1173 2492 1217 2500 -
1240 2465 1301 2520 tum

180 2579 203 2618 e.
228 2563 267 2621 97
293 2559 446 2634 (117,19)
469 2561 609 2637 legimus:
631 2562 752 2620 iuterim
774 2563 930 2636 Ascyltos,
953 2566 986 2619 at
1003 2563 1180 2634 pererrauit
1203 2578 1302 2620 661666

180 2664 513 2736 61666161666661166,
536 2664 615 2722 66611
639 2664 680 2721 aa
701 2679 803 2722 meam.
849 2670 880 2721 61
903 2663 972 2722 lroo
995 2664 1114 2736 quidem
1132 2666 1302 2737 plausorem

179 2782 262 2839 spera
284 2766 440 2838 coacepit,
464 2781 522 2838 pao
546 2766 721 2839 astruemus
744 2767 956 2840 oppessulatas
979 2767 1089 2824 1666611
1107 2766 1205 2848 fores.
1245 2784 1303 2841 pa-

180 2867 276 2926 llieas
313 2884 382 2927 ocra
412 2883 518 2926 sernas
547 2911 574 2924 ..
610 2868 735 2926 laaoor't.
791 2869 820 2926 in
862 2868 946 2927 codd.
990 2868 1109 2927 videtur
1142 2869 1201 2929 doc
1234 2869 1302 2946 legi,

94 2968 96 2972 ’
180 2989 247 3029 666
277 2970 307 3027 in
338 2968 529 3028 adnotatione
556 2969 659 3028 critica
688 2970 994 3047 nulladiscrepantia
1017 2969 1159 3030 adnotata
1182 2972 1229 3030 sit.
1272 2972 1301 3029 16

180 3071 310 3131 editione
333 3075 431 3131 autem
454 3072 676 3130 Burmanniana
698 3072 748 3130 la'e
770 3091 825 3148 pro
848 3071 905 3130 ltoc
928 3073 1071 3148 scriptum
1096 3076 1149 3149 est,
1171 3074 1302 3150 itemquo

180 3193 236 3234 nec
268 3193 286 3233 a
319 3175 490 3232 Burmanno
523 3190 579 3232 nec
612 3173 648 3231 ab
683 3173 741 3232 alio
776 3172 939 3249 quidquam
973 3173 1105 3232 additum
1140 3178 1194 3234 666.
1232 3174 1301 3261 vsed

180 3276 294 3336 etiamsi
315 3275 345 3334 16
369 3274 454 3334 codd.
477 3275 534 3334 laec
556 3275 698 3351 seriptum
722 3279 776 3352 666,
798 3279 897 3334 66666
921 3279 1076 3334 accuratae
1097 3276 1301 3353 responsionis

181 3397 272 3438 eausa
302 3379 353 3437 laic
383 3377 542 3455 legendum
574 3395 640 3437 esse
670 3379 847 3437 censuerim.
869 3408 912 3417 —
934 3377 1063 3453 denique
1087 3396 1111 3436 c.
1127 3381 1167 3439 47
1192 3381 1255 3456 (55,
1270 3376 1301 3451 8)

181 3483 244 3541 cod.
267 3482 370 3541 habet:
400 3487 429 3540 61
459 3482 576 3555 quidem
606 3496 710 3539 cacum
735 3481 891 3553 poteratur
914 3481 1096 3538 admonitam
1118 3481 1150 3538 ta
1173 3482 1302 3540 calamae

180 3583 331 3643 obseratam
355 3585 458 3660 dealt,
496 3583 679 3642 Trimalchio
702 3588 801 3641 autem
822 3571 886 3640 mill
908 3582 951 3639 aa
971 3596 1025 3639 reos
1047 3582 1133 3639 valta
1154 3583 1302 3659 respersit.

113 3678 116 3685 Α
180 3688 308 3765 primum
331 3691 412 3746 reete
435 3685 640 3745 Buechelerus
663 3684 755 3743 verba
777 3683 975 3759 transposuit:
998 3688 1027 3739 et
1049 3698 1152 3740 coeam
1175 3686 1302 3757 quidem,

180 3790 232 3850 scd
254 3794 349 3850 restat
371 3795 469 3849 tamen
493 3788 712 3848 inconcinnitas
736 3791 765 3844 et
787 3790 950 3862 praeterea
964 3785 1091 3861 ineptia,
1120 3805 1189 3844 nam
1212 3803 1301 3847 66666

180 3893 353 3970 obsonium,
384 3912 443 3952 non
474 3889 630 3950 obsonium
653 3889 809 3947 cocum-in
833 3887 959 3946 culinam
983 3885 1072 3943 ducit.
1116 3892 1199 3947 reete
1222 3889 1302 3948 hunc

180 3997 277 4055 locum
307 3996 364 4053 iam
387 3997 577 4054 Burmannus
607 3990 712 4065 partim
743 3989 915 4049 coniectura
937 3987 1122 4046 Tilebomeni
1145 4007 1219 4049 6666
1243 4008 1303 4049 mu·

180 4099 255 4156 66616
277 4099 333 4157 ita:
356 4113 448 4156 occas
464 4094 623 4169 protesilae
645 4091 825 4150 admonitas.
868 4089 909 4148 ita
937 4106 1037 4149 omnes
1061 4089 1090 4146 hi
1112 4089 1170 4148 loci
1194 4092 1303 4167 optime

183 4200 260 4259 inter
283 4217 315 4260 se
339 4202 519 4275 congruunt.
543 4227 583 4235 -
604 4194 642 4253 ab
658 4193 714 4250 hac
736 4191 861 4251 formula
877 4196 904 4249 61
928 4233 955 4247 .,
979 4188 1098 4260 patara
1113 4192 1303 4267 segreganda
