2744 4656
1189 248 1227 308 11

108 423 204 483 Hand.
228 425 243 484 1
267 428 403 495 570,10.
436 428 580 501 Draeger.
603 425 707 496 §33h,
723 429 750 485 8.
784 426 935 484 Kuehner.
959 425 986 483 ll
1009 423 1026 494 ᾖ
1052 427 1120 494 165,
1137 427 1164 482 6.
1202 427 1231 482 et

107 527 183 587 hanc
214 527 333 604 quidem
366 530 490 588 formam
521 529 681 588 Petronius
711 530 801 605 paulo
834 528 954 587 liberius
986 532 1118 602 usurpat.
1170 543 1230 584 uno

107 629 183 688 anim
213 630 279 688 loco
303 636 429 706 excepto
453 629 490 703 (c.
514 635 554 692 53
581 627 641 706 [60,
660 627 723 706 131)
747 628 855 708 ubique
878 630 908 689 in
932 629 1158 706 parenthesibus
1181 647 1230 687 ex·

106 733 243 808 plicatur,
266 752 320 792 cur
342 732 381 810 id,
404 733 486 810 qnod
509 738 579 793 ante
602 735 713 793 dictum
738 739 790 804 est,
814 734 922 792 factum
945 734 993 807 sit,
1013 733 1053 791 ita
1076 737 1110 790 nt
1132 736 1230 789 nartem

106 853 160 910 pro
190 835 269 893 enim
297 835 406 893 dietum
439 853 504 895 esse
533 836 680 895 videatur.
730 856 789 912 qna
816 855 848 895 re.
879 832 1048 894 Schefferus
1077 837 1230 909 permotus

107 941 166 1011 est,
197 943 230 995 ut
253 957 277 996 c.
293 939 334 998 48
358 933 416 1012 (od.
439 939 538 997 Burm.
562 957 589 1014 p.
614 935 688 1009 323)
712 939 787 997 hanc
811 938 959 996 causalem
983 934 1229 1012 significationem

102 1039 270 1114 particulae
301 1039 440 1099 vindicet.
490 1041 570 1116 quod
601 1041 673 1116 quin
704 1040 810 1100 falsum
842 1041 896 1117 sit,
928 1039 1009 1098 nulla
1035 1041 1134 1115 potest
1164 1056 1230 1097 esse

107 1140 267 1217 dubitatio,
304 1135 443 1218 quoniam
475 1143 614 1201 notiones
643 1143 749 1203 harum
782 1142 996 1219 particularum
1030 1141 1110 1199 nullo
1143 1141 1229 1199 modo

105 1243 184 1301 iuter
214 1261 245 1303 se
275 1243 384 1303 similes
414 1250 500 1321 srrnt,
534 1263 704 1321 quanquam
736 1245 870 1304 Handius
899 1243 1010 1319 (1573,
1032 1244 1082 1311 15)
1112 1243 1230 1301 videtur

107 1345 268 1404 dubitasse.
314 1365 422 1406 omnes
439 1347 508 1423 loci,
532 1347 641 1423 quibus
663 1353 761 1406 aretem
783 1366 837 1424 pro
861 1348 938 1404 enim
960 1345 1078 1404 videtur
1100 1345 1229 1420 positum

106 1466 182 1525 esse,
205 1449 234 1507 in
258 1449 462 1508 libertinorum
487 1449 611 1526 dialogis
635 1451 836 1526 inveniuntur,
859 1451 899 1508 ita
922 1453 955 1507 ut
978 1467 1035 1508 non
1059 1452 1116 1506 tam
1142 1453 1229 1507 acute

106 1541 227 1626 singula
258 1552 350 1610 verba
381 1551 544 1627 premenda
573 1553 639 1611 sint.
686 1552 738 1611 sed
768 1557 866 1611 tamen
898 1569 999 1611 omnes
1029 1550 1114 1610 facile
1138 1550 1229 1626 expli-

106 1659 223 1727 cantur,
260 1653 283 1711 si
307 1654 335 1711 in
359 1654 531 1730 parenthesi
556 1674 591 1713 ea
614 1655 694 1713 dicta
717 1673 781 1713 esse
804 1659 901 1730 putes.
932 1657 1002 1711 sunt
1025 1663 1122 1711 autom
1147 1657 1227 1713 c43
1312 1690 1316 1695 -

106 1751 234 1831 (48,2)‚
268 1753 480 1835 52160,13),
514 1761 553 1818 56
577 1756 639 1835 (65,
656 1754 724 1834 10),
758 1762 796 1817 62
821 1754 946 1834 (73,8),
980 1759 1020 1816 43
1044 1753 1228 1832 (47,18).“ὶ9)

106 1876 195 1933 porro
226 1860 256 1916 in
289 1876 313 1917 e.
329 1863 368 1919 38
392 1857 455 1936 (42,
471 1857 502 1931 7)
532 1860 703 1936 parenthesi
734 1860 911 1919 inserendae
941 1859 1140 1935 praemittitur
1170 1858 1227 1918 sor·

106 1961 201 2018 mula:
230 1961 306 2019 scito
330 1958 487 2032 aerem.³0)
532 1962 662 2038 denique
693 1963 779 2021 etiam
809 1965 879 2039 post
908 1961 1100 2038 parenthesin
1132 1962 1227 2021 oratio

106 2175 219 2228 tentiam
238 2175 378 2242 inseritur,
396 2174 577 2245 parenthesis
595 2191 695 2230 nomen
714 2180 809 2245 aptum
829 2182 885 2242 est,
914 2175 964 2230 sed
984 2176 1080 2241 otiam,
1104 2175 1152 2228 ubi
1172 2191 1227 2228 una

105 2259 151 2314 vel
178 2260 274 2328 plnres
301 2261 453 2314 sententiae
476 2261 567 2315 obiter
589 2267 617 2315 et
639 2262 719 2330 quasi
744 2263 771 2313 in
798 2267 960 2316 transcursu
979 2261 1135 2327 adduntur,
1162 2266 1228 2328 post

105 2361 174 2414 quas
193 2346 229 2398 ad
247 2346 429 2400 narrationem
452 2362 537 2415 supra
562 2343 721 2402 inchoatam
745 2347 818 2402 redit
836 2347 938 2414 oratic,
969 2347 1117 2401 brevitatis
1142 2361 1227 2400 carisa

105 2431 141 2485 de
157 2430 323 2501 parenthesi
339 2431 444 2500 loquar.

191 2518 225 2584 29)
243 2515 340 2584 Neque
358 2515 439 2570 aliter
456 2532 500 2570 res
519 2533 549 2570 se
568 2516 651 2570 habet
669 2523 738 2572 o.18
756 2523 811 2585 155,
834 2521 884 2584 16),
903 2517 950 2570 uhi
969 2516 1135 2569 Trimalchio
1154 2516 1225 2570 Mae-

104 2600 267 2656 cenatianus
286 2597 522 2669 Agamemnonem
541 2601 677 2656 rhetorem
695 2603 860 2670 interrogat:
891 2620 982 2657 narra
1001 2610 1031 2655 tn
1049 2600 1129 2666 iiiiii„
1142 2619 1225 2670 priam

105 2687 328 2742 controversiam
352 2685 435 2741 hodie
453 2687 631 2741 declamasti?
667 2705 716 2757 epo
736 2694 827 2742 aretem
852 2689 878 2742 si
896 2704 1001 2742 causas
1024 2705 1080 2740 non
1099 2704 1167 2758 apo,
1198 2687 1226 2741 in

105 2771 297 2827 domusionem
321 2779 412 2827 tamen
439 2772 548 2826 litteras
574 2772 665 2827 didici.
701 2773 728 2824 in
754 2773 912 2840 parenthesi
931 2779 1098 2844 postremam
1118 2779 1227 2825 senten-

104 2858 168 2911 tiam
188 2858 289 2910 dictam
308 2872 370 2911 esse
387 2858 440 2911 iam
459 2858 525 2912 inde
544 2863 675 2926 apparet,
699 2859 776 2926 quod
793 2858 877 2925 infra,
897 2865 1044 2927 postquam
1064 2858 1098 2911 de
1117 2858 1226 2911 duabus

103 2942 162 2997 suis
180 2941 362 2998 hahiiotheais
380 2944 516 3012 gloriatus
536 2948 592 3010 est,
620 2960 669 3012 per
697 2961 763 3015 erpo
787 2945 823 2998 ad
845 2946 961 2998 eandem
979 2944 1226 3012 interrogationem

103 3027 185 3082 redit.
221 3044 306 3097 quare
320 3028 421 3081 Handii
440 3029 590 3097 explicatio
609 3029 692 3082 huius
711 3030 773 3096 loci,
792 3031 839 3098 qui
858 3030 928 3083 dicit
945 3029 1063 3097 opponi:
1083 3046 1173 3084 narra
1193 3036 1226 3082 tn

104 3112 171 3167 nrihi
186 3145 219 3152 —
238 3130 301 3183 epo
321 3120 413 3168 antem
432 3114 458 3181 (Ι
477 3117 539 3182 573)
562 3131 617 3167 non
636 3114 728 3168 minus
746 3113 845 3168 falsam
863 3130 925 3169 esse
944 3122 1012 3182 pnto
1031 3129 1112 3182 quam
1132 3111 1225 3167 Schef-

103 3196 163 3253 feri.
179 3241 183 3249 .
199 3197 387 3254 Buechelerns
406 3216 456 3267 pro
476 3205 569 3254 antem
587 3201 614 3254 si
631 3200 747 3269 scripsit
766 3201 876 3255 etiamsi
893 3200 1092 3268 praeeuntibus
1110 3198 1226 3253 Heinsio

103 3285 180 3351 (etsi)
198 3289 226 3336 et
245 3284 355 3338 Wehlio
382 3285 507 3344 (etiamsi
529 3302 555 3353 p.
574 3289 626 3351 21).
663 3301 733 3355 quae
752 3292 843 3340 tamen
863 3286 1040 3339 coniecturae
1060 3300 1225 3353 supervaca-

103 3384 174 3424 neae
193 3374 273 3438 sunt,
299 3370 418 3437 primum
437 3370 508 3424 enim
528 3377 619 3425 antem
643 3373 670 3426 in
690 3371 850 3440 parenthesi
877 3378 941 3439 apte
964 3371 1089 3438 ponitur,
1118 3376 1177 3422 tum
1201 3371 1229 3424 si

104 3455 218 3524 saepius
243 3461 393 3524 usurpatur
416 3472 467 3523 pro
492 3458 607 3510 etiamsi.
643 3455 678 3510 cf.
705 3474 727 3510 c.
749 3461 779 3510 19
806 3460 859 3523 (21,
883 3460 938 3523 12),
969 3459 1148 3524 6211112),
1178 3460 1224 3509 1110

103 3542 173 3606 (rm,
194 3543 246 3606 rs),
267 3544 312 3592 ror
331 3543 403 3606 (129,
425 3545 474 3606 re),
496 3544 540 3594 111
560 3547 631 3610 (rae,
649 3544 685 3610 a),
708 3547 754 3596 114
772 3545 843 3610 (145,
856 3545 891 3611 r).

189 3626 223 3692 ³⁰)
242 3625 278 3678 In
297 3639 319 3679 e.
340 3629 368 3678 61
392 3626 446 3702 (73,
465 3628 492 3690 1)
514 3626 628 3694 legitur:
659 3629 754 3698 itaque
768 3645 824 3698 per
842 3633 950 3682 santam
971 3645 1023 3698 per
1042 3644 1154 3682 oeream
1172 3644 1224 3697 epo

103 3707 286 3779 spinositate
304 3709 408 3765 Buech.
426 3711 456 3763 in
474 3711 517 3765 ed.
536 3727 559 3766 a.
582 3717 643 3767 1811
673 3731 699 3781 p.
720 3718 765 3780 39,
785 3718 800 3767 8
825 3701 953 3768 correxit.
983 3714 1044 3766 cod.
1062 3713 1145 3768 hahet
1170 3715 1224 3784 epi·

103 3795 227 3864 opinari,
254 3795 367 3849 videtur
394 3796 448 3848 tale
474 3795 543 3864 qnid
568 3799 701 3866 scriptum
726 3798 826 3866 fuisse,
853 3803 935 3868 quale
954 3805 997 3853 est
1021 3800 1090 3852 illud
1109 3799 1224 3853 Terenti

104 3878 180 3947 [Hee.
199 3882 276 3947 6861:
309 3881 354 3950 epi
375 3886 460 3950 atque
484 3883 574 3957 orator)
606 3883 838 3952 quemadmodum
869 3885 907 3939 ad
929 3885 1003 3940 iilam
1033 3885 1224 3954 pervenirem:

103 3971 195 4020 autem
212 3966 241 4018 in
259 3966 397 4036 anqustiis
416 3967 499 4021 amici
516 3973 664 4036 apparent.
685 3970 766 4038 forte
779 3969 908 4024 dominas
923 3970 1048 4040 Capuam
1066 3970 1177 4025 exierat
1186 3970 1225 4024 ad

103 4057 201 4104 serrata
219 4051 289 4105 scita
308 4051 497 4123 expedienda.
538 4059 611 4107 certe
634 4059 699 4108 ante
722 4060 814 4108 antem
831 4056 998 4110 vocabulum
1022 4055 1138 4122 excidit,
1161 4073 1224 4109 nam

103 4143 194 4190 autem
211 4136 301 4205 primo
324 4137 386 4192 loco
409 4137 532 4206 positam
551 4139 695 4194 Petronius
723 4155 758 4194 ne
786 4140 923 4195 libertinis
948 4142 1059 4210 quidem
1085 4141 1224 4196 tribuerit.

103 4233 189 4288 qnare
206 4219 395 4276 Buechelerus
422 4222 462 4289 (in
483 4224 526 4278 ed.
545 4241 568 4277 a.
590 4226 666 4292 1811)
694 4225 822 4293 scripsit:
851 4227 912 4280 aeri
935 4235 1028 4282 antem
1051 4235 1108 4280 etc.
1133 4244 1231 4279 noune
