2744 4656
164 247 202 306 12

164 442 289 500 rumque
312 426 341 484 in
364 425 510 486 infinitivo
533 425 648 485 adiecto
671 428 748 486 inest
767 427 944 504 significatio
960 427 1107 498 movendi,
1129 427 1179 486 vel
1194 426 1283 487 eundi

163 527 212 586 uel
234 527 356 586 videndi
378 529 428 588 vel
452 548 510 605 quo
532 531 656 590 affectus
671 529 760 588 animi
776 529 987 606 depinguntur.
1031 532 1060 589 iu
1076 529 1284 591 libertinorum

165 631 324 708 colloquiis
340 632 397 690 hoc
413 633 537 692 verbum
553 633 645 692 octies
669 634 818 692 invenitur
840 634 880 692 ita
904 638 1088 710 usurpatum,
1110 637 1143 692 ut
1166 652 1185 692 a
1208 652 1285 693 com·

165 734 247 791 muni
271 751 327 792 usu
360 753 419 793 non
444 735 573 794 recedat.
618 738 647 795 et
677 736 795 794 omnino
824 755 884 794 non
915 735 1002 795 modo
1025 755 1085 794 non
1108 739 1181 812 puto
1204 736 1285 795 hunc

165 835 436 912 frequentissimum
462 838 544 897 verbi
568 840 703 912 coepisse
725 856 811 897 usum
828 838 959 915 vulgaris
974 842 1026 898 aut
1041 838 1196 898 familiaris
1220 857 1287 898 esse

164 941 327 1017 sermonis,
356 938 408 999 sed
433 941 605 1001 Petronium
636 940 747 1000 haere
771 960 935 1001 sermonem
959 942 1171 1017 elegantiorem
1195 944 1287 1018 atque

165 1041 352 1128 urbaniorcm
386 1042 514 1102 reddere
545 1044 676 1102 voluisse
705 1043 895 1121 crediderim,
925 1045 1098 1120 pracsertim
1128 1063 1195 1103 cum
1223 1062 1287 1103 sae-

163 1145 282 1220 pissime
306 1145 422 1205 adiecto
454 1147 540 1219 coepi
566 1147 726 1206 verborum
753 1147 799 1205 vis
830 1145 1047 1222 quodammodo
1071 1149 1217 1223 mutetur,
1247 1147 1288 1205 ita

165 1251 198 1305 ut
221 1266 276 1306 nos
299 1246 378 1306 haud
402 1266 471 1307 raro
502 1248 594 1323 illam,
610 1247 834 1325 significationis
856 1249 1051 1308 variationem
1075 1248 1204 1308 reddere
1228 1269 1289 1308 non

165 1348 323 1425 possimus.
374 1351 538 1410 Strelitnius
575 1349 605 1423 (l.
633 1369 657 1410 e.
691 1371 719 1428 p.
742 1347 816 1423 633)
848 1351 928 1409 huno
959 1368 1045 1408 usum
1077 1368 1143 1409 cum
1176 1352 1289 1411 aoristo

164 1471 272 1528 graeco
297 1456 457 1529 comparat.
503 1455 601 1530 aptius
631 1454 812 1513 Kuehnerus
836 1449 1010 1530 (111141,
1034 1456 1064 1522 3)
1094 1453 1215 1514 videtur
1246 1455 1290 1514 sie

165 1556 348 1632 explicasse,
379 1560 413 1615 ut
435 1557 487 1616 sit:
518 1555 584 1615 eine
607 1557 847 1631 Umsehreibung
876 1556 928 1615 des
951 1556 1207 1616 beschreibenden
1232 1559 1289 1616 Im·
1314 1587 1316 1591 ·

165 1658 297 1735 perfecta
327 1659 379 1717 mit
401 1658 586 1718 Ruecksicht
615 1658 670 1717 auf
696 1658 754 1718 den
777 1658 899 1734 Anfang
922 1658 976 1718 der
998 1658 1170 1736 Handlung.
1215 1660 1289 1719 illud

165 1765 266 1821 autem
283 1762 369 1819 nobis
385 1761 448 1819 fere
463 1761 629 1820 inauditum
653 1760 782 1837 videtur,
805 1760 884 1837 quod
908 1760 988 1837 apud
1005 1761 1186 1840 Petronium,
1210 1763 1291 1821 sicut

166 1866 254 1924 ctiam
279 1862 358 1939 apud
376 1864 535 1922 nonnullos
551 1864 624 1923 allos
640 1865 800 1940 scriptores
821 1860 866 1935 (ut
881 1862 1054 1924 Ciceronem
1078 1869 1106 1921 et
1122 1863 1291 1936 Senecam),

165 1985 380 2041 nonnunquam
405 1965 517 2041 legitur
540 1967 627 2038 coepi
649 1966 725 2025 velle
756 1984 821 2023 cum
846 1963 990 2024 infinitivo
1013 1964 1090 2023 alius
1112 1965 1197 2023 verbi
1220 1983 1290 2025 con·

164 2072 307 2129 iunctum.
360 2067 397 2126 cf.
429 2087 453 2126 c.
476 2072 508 2129 9:
540 2069 640 2141 coepit
669 2067 742 2126 milri
772 2068 844 2126 uelle
870 2067 1017 2140 pudorem
1049 2071 1230 2139 extorquere
1260 2072 1292 2126 et

166 2193 190 2231 c.
218 2176 275 2232 70:
298 2172 357 2229 ium
380 2174 523 2243 coeperat
546 2170 717 2228 Fortunata
740 2171 815 2228 uelle
835 2170 951 2227 sultare
973 2166 1015 2241 (et
1037 2168 1171 2227 similiter
1194 2189 1218 2228 c.
1234 2174 1291 2231 98:

168 2277 270 2347 decipe
292 2274 368 2332 uelle
390 2276 543 2341 servaret
589 2271 669 2348 quod
693 2272 717 2330 si
740 2290 794 2331 nos
810 2271 978 2331 accuratius
993 2270 1120 2330 reddere
1141 2266 1290 2344 volumus,

167 2379 264 2455 longis
287 2376 446 2436 verborum
471 2374 644 2450 ambagibus
667 2393 743 2451 opus
767 2378 820 2433 est.
833 2371 867 2443 ¹⁰)

251 2467 376 2556 Saepius
400 2477 509 2537 deinde
532 2478 700 2536 invenimus
723 2476 845 2537 verbum
868 2481 976 2534 notare
1000 2495 1017 2532 a
1039 2477 1180 2535 Petronio
1204 2494 1290 2536 usur·

165 2586 267 2660 patum
300 2600 355 2659 pro
385 2580 631 2638 animaduertere.
677 2579 792 2639 omissis
815 2579 910 2638 tribus
933 2578 1022 2647 locis,
1054 2579 1163 2653 quibus
1186 2583 1289 2638 notum

168 2685 297 2744 reddere
320 2682 484 2760 significat,
507 2681 745 2758 quattuordecim
769 2681 882 2758 iuveni,
905 2679 1011 2756 quibus
1034 2685 1216 2739 autumare
1238 2684 1291 2740 aut

57 2830 64 2849 .
165 2786 356 2845 subtracturo
385 2783 433 2857 (cf.
457 2801 480 2842 c.
505 2789 522 2844 6
547 2784 590 2861 [9,
614 2785 677 2862 10],
701 2788 761 2844 103
786 2783 873 2859 [126,
895 2783 939 2859 3],
963 2786 1021 2841 111
1050 2780 1139 2856 [138,
1161 2780 1208 2854 3])
1234 2802 1290 2859 pro

167 2889 407 2946 arrinrudocrterc
438 2886 566 2960 positum
597 2891 651 2944 est.
703 2885 754 2944 sed
787 2884 835 2943 hic
872 2901 944 2943 usus
978 2885 1066 2942 etiam
1096 2883 1177 2959 apud
1216 2885 1289 2944 alios

166 2993 343 3068 scriptores,
373 3006 543 3065 quanquam
575 2989 686 3059 rarius,
718 2989 877 3046 invenitur.
922 2984 972 3058 (cf.
1003 2986 1133 3044 Reiuesii
1160 2987 1228 3046 adn.
1250 2986 1288 3046 ad

167 3097 246 3154 167
272 3112 300 3169 p.
315 3096 376 3152 437
401 3093 509 3161 Burm,
532 3091 582 3165 qui
606 3090 688 3148 locos
712 3090 798 3147 affert
820 3107 836 3146 e
859 3088 1011 3158 Cicerone,
1034 3087 1155 3147 Valerio
1172 3089 1289 3164 Flacco,

167 3197 272 3258 Gellio.
295 3195 332 3254 cf.
356 3194 443 3253 etiam
467 3191 556 3253 Beck.
579 3211 607 3268 p.
625 3190 706 3263 139.)

254 3299 401 3374 Denique,
424 3302 457 3356 ut
478 3295 508 3354 id
532 3314 591 3354 uno
615 3294 706 3354 verbo
730 3299 858 3369 tangam,
880 3292 1040 3351 Petronius
1060 3310 1189 3369 quoqne,
1212 3293 1289 3352 sicut

168 3444 368 3457 de·-

258 3550 289 3611 ¹⁰)
306 3545 388 3598 Haud
409 3545 528 3597 alienum
547 3541 600 3596 erit
622 3541 673 3594 hac
696 3540 842 3594 occasione
860 3540 954 3592 oblata
971 3539 1103 3592 adnotare
1123 3538 1196 3592 hunc
1215 3540 1289 3606 pleo-

167 3633 313 3695 nasticum,
332 3641 363 3684 ut
381 3631 422 3683 ita
440 3629 540 3692 alicam,
559 3627 638 3681 verbi
657 3627 784 3697 coepisse
802 3642 881 3679 usum
900 3641 934 3678 ne
953 3625 987 3678 ab
1006 3623 1116 3690 anglica
1130 3624 1242 3692 quidem
1261 3629 1289 3677 et
1338 3668 1340 3673 .

167 3736 183 3771 a
207 3718 351 3772 theodisca
374 3714 459 3769 medii
482 3713 543 3767 aevi
573 3713 678 3781 linguis
703 3711 824 3764 alienum
851 3725 921 3764 essc.
967 3709 996 3761 in
1024 3708 1193 3763 carminibus
1218 3709 1288 3763 enim

167 3804 255 3872 epicis
275 3802 353 3855 Xlll.
372 3808 400 3856 et
418 3799 494 3854 XlV.
514 3813 585 3852 saec.
610 3797 716 3850 similes
739 3794 873 3849 formulae
897 3811 953 3847 non
971 3794 1010 3846 ita
1028 3809 1089 3845 raro
1107 3793 1289 3846 inveniuntur

132 3954 133 3957 Ἴ
167 3897 195 3944 11
214 3889 302 3957 magis
316 3888 397 3943 etiarn
416 3887 445 3940 id
465 3883 614 3939 observavi
633 3885 662 3936 in
681 3882 801 3936 carmine
820 3880 929 3947 anglico
947 3879 1066 3947 quodam
1086 3879 1190 3931 saeculi
1203 3878 1289 3945 xlii,

167 3977 241 4044 qum
267 3973 430 4028 inscribitur
452 3971 496 4026 Sir
520 3969 664 4022 'l'ristrem
688 3966 735 4034 [cf.
755 3964 911 4020 Gottfrieds
930 3979 984 4017 von
1004 3962 1169 4031 Strassburg
1187 3963 1289 4018 Werke

169 4062 297 4128 heruusg.
317 4077 342 4112 v.
362 4076 387 4112 v.
401 4059 426 4111 d.
441 4057 546 4124 Hagen.
560 4055 586 4106 ll
604 4059 648 4106 123
659 4057 750 4121 seqq.)
768 4052 795 4105 in
815 4051 867 4104 hoc
886 4048 1006 4103 carmine
1025 4048 1141 4100 verbum
1158 4067 1216 4118 qun
1232 4063 1289 4103 sae-

168 4147 282 4214 pissime
307 4145 403 4199 codem
428 4144 510 4196 modo
534 4150 685 4207 usurpatur
708 4149 792 4205 atquc
816 4136 907 4204 coepit
929 4150 945 4187 a
968 4132 1107 4186 Petronio.
1143 4131 1289 4202 ef.1e‚r;

171 4236 253 4300 1⁰,33
274 4236 353 4300 11,1;
376 4233 439 4298 ll,2
458 4228 560 4281 multos
579 4225 647 4278 alios
666 4224 751 4277 locos.
