2744 4656
179 220 217 280 16

261 395 391 454 Primum
409 393 531 453 verbum
547 390 661 452 curado
679 393 798 470 saepius
815 410 880 452 cum
897 392 1089 451 coniunctivo
1105 391 1300 452 coniunctum

177 499 287 574 legitur
309 497 339 556 in
362 497 446 556 initio
470 497 649 572 sententiae,
679 497 776 555 rarius
799 494 914 554 mediae
936 495 1094 570 insertum,
1123 513 1159 553 ac
1181 512 1302 570 semper

177 599 296 676 quidem
319 601 349 658 in
373 599 561 657 sermonibus
584 598 800 657 libertinorum.
844 597 880 656 cl.
896 617 921 655 c.
938 600 993 658 58:
1016 595 1140 669 curabo,
1164 598 1225 654 iant
1249 594 1301 654 tibi

175 702 257 761 Joois
281 703 379 760 iratus
400 702 441 758 sit
463 706 492 760 et
515 698 647 775 curabo,
677 701 768 774 ianoe
796 698 848 758 tibi
869 701 910 758 sit
939 701 1055 759 comula
1084 701 1143 757 ista
1173 697 1301 757 bessalis

176 808 206 862 et
228 803 351 861 Athana
383 801 436 861 tihi
465 804 547 860 irata
575 803 617 860 sit
645 801 779 873 saraba,
812 821 837 862 o.
860 807 916 863 74:
945 800 1076 875 curado,
1109 803 1230 861 domata
1259 802 1301 859 sit

180 905 354 964 Cassandra
385 906 537 978 culinaria
565 912 595 965 ot
621 910 722 978 reete,
747 903 877 979 curabo,
908 921 953 964 ure
983 903 1132 980 uapuibus
1163 920 1303 980 quaeras,

176 1027 199 1067 c.
225 1013 279 1069 75:
303 1009 361 1066 iam
384 1009 515 1080 curulia,
543 1009 642 1082 saturn
673 1014 754 1066 tuum
779 1010 894 1082 plores.
937 1009 1085 1085 particula
1107 1012 1139 1065 at
1161 1009 1302 1083 praemit-

175 1113 248 1171 titur
271 1130 295 1169 c.
317 1114 372 1171 69:
399 1117 432 1169 at
455 1109 577 1183 curado,
601 1112 742 1185 stipatum
765 1111 883 1170 habeat.
927 1129 1081 1188 perpauca
1102 1111 1190 1170 huius
1214 1128 1301 1169 rarae

176 1215 347 1273 structurae
370 1215 506 1291 exempla
530 1233 567 1273 ex
589 1214 655 1272 aliis
678 1214 874 1290 scriptoribus
891 1214 1048 1290 desumpta
1069 1212 1191 1288 collegit
1206 1213 1301 1272 Dras-

175 1335 265 1391 gerus
296 1315 325 1388 (ᾗ
340 1319 445 1386 409,1
471 1320 500 1375 et
523 1314 590 1391 2d).
617 1320 811 1375 —ceterum
841 1316 927 1374 etiam
960 1317 1103 1375 nonnulla
1124 1317 1182 1374 alia
1206 1317 1302 1375 verba

176 1420 335 1479 Petronius
363 1420 438 1478 solet
470 1437 536 1477 cum
564 1410 879 1477 mero'co'ninnctivo'
898 1420 1080 1496 coniungere
1110 1420 1219 1478 omisso
1250 1424 1301 1476 ut:

158 1522 297 1599 ¹suadeo,
327 1536 408 1596 caue,
431 1527 559 1595 oportet,
582 1536 667 1594 rapo,
692 1521 769 1592 dieo,
792 1521 867 1591 uolo,
891 1523 969 1598 noio,
994 1522 1084 1593 molo,
1105 1521 1193 1594 fauo,
1217 1522 1301 1592 lieet,

176 1625 260 1683 cuius
285 1641 356 1682 usus
379 1624 525 1682 nonnulla
549 1623 683 1698 exempla
706 1622 828 1700 collegit
850 1624 885 1683 A.
910 1643 927 1680 a
951 1623 1099 1684 Guericke
1122 1644 1150 1701 p.
1169 1628 1224 1684 63.

260 1727 346 1784 Tum*
360 1728 448 1785 etiam
472 1745 489 1784 a
507 1710 640 1799 putares
662 1727 711 1784 vel
731 1731 822 1798 putes
848 1720 899 1784 vel
912 1729 1062 1799 putasses
1083 1745 1300 1803 nonuunquam

176 1830 343 1888 sententiae
371 1828 486 1887 omissis
519 1828 780 1887 coniunctionibus
809 1829 969 1906 incipiunt,
998 1835 1031 1888 ut
1059 1848 1083 1888 c.
1108 1834 1141 1889 7:
1169 1836 1302 1902 putares

176 1930 213 1988 ab
242 1931 346 1989 eadem
376 1933 500 1989 anicula
527 1946 592 1989 esse
619 1931 795 2015 deductum,
831 1950 854 1989 c.
882 1934 939 1991 45:
963 1939 1093 2004 putares
1122 1947 1172 1991 eos
1202 1932 1301 2006 pallos

175 2034 380 2107 pollinaeeos,
403 2034 433 2091 in
457 2052 481 2091 c.
499 2036 553 2093 63:
571 2037 704 2105 putares
727 2048 833 2091 canem
856 2034 993 2106 leporem
1005 2034 1171 2108 persequi,
1195 2051 1219 2093 o.
1244 2038 1301 2093 76:

170 2141 301 2210 putares
326 2151 372 2193 me
402 2136 458 2194 doe
486 2136 626 2207 iussisse,
659 2154 683 2194 c.
708 2139 785 2196 123:
809 2138 892 2194 iussa
912 2141 1057 2209 putores;
1081 2155 1105 2194 c.
1131 2140 1189 2196 47:
1209 2141 1302 2209 putes

177 2244 306 2309 taurum,
330 2256 352 2296 c.
369 2241 425 2298 49:
447 2243 537 2310 putes
560 2239 644 2296 illum
661 2239 757 2312 piper
779 2255 839 2297 uon
857 2240 1043 2316 coniecisse,
1066 2257 1089 2297 c.
1113 2243 1191 2323 104:-
1205 2243 1302 2312 putes

176 2357 238 2398 uua
252 2357 307 2398 uos
323 2341 496 2409 dormiisse;
512 2358 537 2398 c.
555 2343 606 2400 76:
620 2346 760 2414 putasses
775 2341 994 2414 iilumsemper
1009 2356 1121 2399 meeum
1137 2338 1299 2399 habitasse.

263 2443 379 2501 Deinde
410 2444 579 2501 accuratior·
609 2442 736 2502 alicuius
767 2444 810 2502 rei
840 2443 1000 2519 explicatio
1031 2461 1120 2520 saepe
1146 2442 1300 2502 indicatur

176 2546 338 2621 praemisso
361 2546 454 2616 vides,
478 2546 655 2621 plerumque
679 2564 744 2604 cum
768 2545 941 2604 accusativo
965 2545 1143 2604 substantivi
1166 2545 1213 2605 vel
1229 2563 1300 2620 pro-

176 2650 303 2708 nominis
326 2649 494 2707 coniuncto.
539 2647 576 2706 cf.
599 2664 622 2705 c.
638 2651 692 2707 36:
715 2648 796 2705 vides
819 2648 913 2719 ilium,
936 2650 987 2719 qui
1010 2648 1162 2707 obsonium
1185 2647 1299 2719 carpit,

177 2770 201 2810 c.
218 2753 274 2812 38:
296 2751 376 2807 vides
399 2750 497 2819 illum,
526 2750 577 2822 qui
604 2751 635 2807 iu
665 2750 721 2808 imo
745 2751 819 2806 imus
841 2746 986 2808 recumbit
1009 2755 1039 2808 et
1061 2749 1145 2807 uides
1170 2756 1210 2807 tot
1234 2749 1301 2806 eul-

177 2855 262 2931 eitas‚
286 2871 310 2911 c.
326 2857 384 2912 46:
407 2852 490 2909 uides
514 2851 705 2911 Phileronem
728 2853 924 2926 causidicum,
947 2869 972 2910 c.
993 2855 1046 2912 67:
1069 2852 1175 2911 videtis
1197 2851 1302 2908 mulie-

176 2957 222 3014 ris
242 2955 408 3028 eonspectae,
432 2973 455 3012 c.
474 2958 549 3016 lac:
571 2955 652 3013 vides
676 2971 730 3025 me,
755 2974 778 3013 c.
798 2959 873 3015 131:
896 2955 986 3030 uides,
1011 2956 1092 3028 quod
1107 2955 1247 3013 excitaui.
1261 2950 1299 3020 162)

262 3059 345 3119 Sicut
366 3059 465 3133 uidae,
494 3059 536 3116 ita
559 3058 646 3116 etiam
671 3059 833 3116 nonnullae
865 3058 976 3116 formae
1000 3058 1083 3116 verbi
1103 3059 1185 3115 seire
1208 3058 1300 3115 inter·

177 3162 247 3221 dum
275 3161 431 3219 sententiis
455 3159 598 3219 dissolute
621 3161 864 3236 praemittuntur.
908 3159 946 3218 cl.
967 3162 1055 3245 scias¹
1072 3165 1194 3232 oportet
1209 3177 1233 3218 c.
1248 3163 1300 3233 45,

175 3266 285 3321 solutus
308 3281 332 3321 c.
348 3266 397 3332 46,
419 3263 480 3321 scis
503 3281 528 3321 c.
545 3267 593 3333 74,
615 3264 727 3321 scimus
750 3281 774 3320 c.
791 3266 830 3323 75
855 3263 906 3321 bis.

264 3446 295 3509 ¹²)
314 3442 345 3494 ln
365 3459 388 3495 c.
409 3447 456 3495 134
480 3451 546 3510 post
568 3444 692 3496 lacunam
717 3444 831 3511 legitur:
857 3459 889 3506 o,
913 3443 1015 3513 iuquit,
1043 3441 1199 3506 Oenothea,
1225 3441 1299 3495 dune

178 3528 398 3591 adolescentem,
422 3544 502 3596 quem
520 3528 613 3582 uides:
637 3529 711 3583 maia
730 3533 810 3581 astra
829 3536 913 3582 reatus
932 3534 981 3582 est.
1017 3528 1205 3581 Buechelerus
1223 3535 1299 3581 recte

177 3616 292 3667 adnotat
310 3613 378 3667 illud
396 3614 485 3682 iuquit
502 3614 536 3666 ab
555 3622 717 3682 excerptore
736 3614 887 3667 immissum
906 3614 1004 3678 videri,
1023 3622 1055 3665 ut.
1067 3613 1180 3682 saepius
1193 3613 1298 3666 tactum

178 3709 229 3754 est.
248 3698 284 3753 cf.
302 3716 326 3752 c.
347 3704 393 3752 118
411 3704 488 3766 (lid,
510 3704 560 3764 ts).
596 3708 652 3751 tum
677 3700 853 3753 accusativus
876 3699 949 3753 huuc
967 3699 1172 3753 adolescentem
1190 3714 1241 3766 per
1258 3703 1299 3750 at·

178 3785 342 3839 tractionem
365 3785 549 3853 explicandus
573 3794 623 3838 est.
665 3786 854 3860 Bueclrelerus
879 3786 961 3838 talem
985 3785 1177 3838 attractionem
1196 3785 1224 3836 in
1243 3791 1297 3836 tam

177 3880 237 3924 arta
254 3879 453 3939 compactaque
471 3870 594 3924 oratione
614 3877 699 3925 artem
719 3886 784 3939 prae
804 3886 834 3925 se
852 3871 933 3938 ferre,
953 3886 1009 3923 non
1022 3879 1149 3924 naturam
1162 3869 1298 3923 sermonis

178 3958 332 4010 communis
350 3957 462 4010 iudicat.
499 3957 548 4010 sed
568 3971 627 4010 eam
645 3972 680 4010 ne
699 3973 715 4009 a
733 3972 859 4010 sermone
882 3956 1022 4009 cotidiano
1046 3955 1158 4024 quidem
1181 3956 1298 4008 alienam

178 4057 241 4095 esse
260 4043 448 4096 demonstrare
467 4042 532 4095 mihi
550 4041 683 4095 uidentur
701 4041 830 4094 nonnulli
848 4048 972 4095 veterum
992 4042 1158 4094 comicorum
1178 4042 1242 4106 loci,
1266 4045 1299 4092 ut

178 4127 240 4181 Ter.
253 4129 324 4180 Eun.
337 4128 376 4179 lV
391 4133 414 4192 3,
430 4133 467 4182 11.
486 4129 575 4181 Plaut.
594 4127 648 4180 mil.
668 4127 735 4195 glor.
755 4132 844 4179 ν.14θ
864 4126 972 4180 liitsch.
991 4126 1060 4179 alios
1079 4128 1155 4180 locos
1173 4128 1208 4180 ad
1228 4126 1252 4178 h.
1271 4141 1298 4178 v.

178 4214 329 4281 adscripsit
342 4215 503 4281 bonennias,
521 4215 568 4282 qui
588 4224 680 4266 tumen
699 4213 776 4265 illum
789 4213 882 4266 Plauti
901 4214 991 4266 locum
1010 4228 1067 4265 uon
1079 4220 1154 4267 recte
1168 4213 1298 4281 explicat.
