2744 4656
161 223 201 284 48

243 399 370 457 Perraro
403 399 546 457 nriuuitur
574 405 603 458 et
627 416 731 473 poene
762 401 877 460 tollitur
907 418 1035 475 prorsus
1058 406 1284 482 1001000000-

159 502 237 558 litus.
283 517 377 574 quere
400 504 549 574 componit
569 518 665 575 saepe
687 504 777 560 etiunr
800 519 853 576 eu,
877 521 955 577 perce
977 509 1118 580 aequulr'u
1142 512 1284 570 etunius

156 604 275 675 perieris
298 607 385 672 suut,
416 609 443 659 et
467 619 516 673 eu,
545 620 623 676 pune
645 620 812 678 synonyme
834 622 897 664 esse
919 608 1088 668 uideuruur.
1133 609 1244 683 (Hand.
1270 615 1282 671 Ι

158 709 230 782 540,
244 707 283 775 8).
321 706 361 763 110
385 707 471 765 etiam
494 707 523 764 in
547 706 689 766 Petronio
712 708 741 765 in
758 710 889 767 carmine
907 729 930 768 c.
949 714 988 769 14
1004 710 1066 786 (15,
1081 715 1112 782 8)
1137 715 1281 790 legimus:

157 808 231 880 quid
249 809 369 881 fuciunt
393 809 485 880 lepes,
509 806 560 866 ubi
581 811 645 867 solu
664 810 798 882 pecunia
820 816 939 885 reparat,
962 818 1016 870 utet
1038 815 1088 872 ulu'
1105 823 1280 889 paupertas

156 912 276 969 uincere
303 910 390 968 nullu
418 911 557 984 protecti,
588 911 638 970 nbi
669 913 727 971 iam
758 913 787 970 in
817 913 928 972 codII
957 920 1047 988 utqrre
1075 917 1126 975 ubi
1148 937 1203 994 pro
1226 924 1282 977 unt

155 1012 207 1070 ubi
229 1014 370 1089 scriptum
394 1018 447 1072 est.
491 1013 542 1072 sed
566 1014 622 1073 hac
645 1015 807 1073 mutatione
830 1034 888 1074 non
914 1033 989 1092 opus
1013 1022 1065 1077 est.

241 1119 335 1192 Saepe
358 1115 508 1174 invenitur
531 1121 584 1173 eut
605 1118 634 1174 in
659 1118 814 1175 sententiis
839 1117 993 1192 negativis,
1020 1120 1060 1179 ita
1083 1125 1116 1179 nt
1138 1128 1191 1179 uui
1213 1124 1278 1198 ple·

67 1207 71 1214 ¹
154 1238 280 1295 rumque
305 1237 363 1278 non
388 1221 573 1294 negationem
599 1217 735 1294 excipiat,
759 1218 810 1277 sed
835 1220 960 1296 eiqnasi
977 1222 1203 1282 subordinatum
1228 1225 1278 1285 sit.

154 1328 251 1381 tamon
275 1322 468 1381 inveniuntur
493 1322 626 1379 nonnulli
650 1322 723 1397 loci,
752 1322 861 1398 quibus
890 1325 1008 1398 negatio
1039 1344 1093 1402 per
1123 1329 1176 1384 our
1199 1328 1279 1386 exci-

154 1426 262 1500 piatur,
284 1423 325 1482 110
348 1427 381 1482 01
403 1438 460 1481 arec
483 1442 537 1499 pro
554 1441 589 1482 eo
605 1424 675 1499 poni
691 1425 792 1499 possit.
839 1424 889 1482 scd
909 1426 955 1483 bic
971 1444 1043 1485 usus
1059 1432 1104 1486 est
1119 1433 1278 1502 poetarum

153 1534 183 1586 ct
206 1545 316 1602 eorum,
340 1525 390 1601 qui
413 1544 578 1584 sermonem
602 1526 748 1600 poeticum
768 1526 932 1585 imitantur.
977 1525 1088 1600 (Hand.
1109 1529 1122 1586 1
1141 1533 1220 1606 543,
1237 1529 1277 1605 Ι9)

152 1628 182 1689 id
205 1630 292 1688 etiam
316 1629 344 1686 in
367 1628 447 1687 locos
471 1628 668 1687 Petronianos
692 1628 779 1686 cadit.
824 1629 864 1687 ita
886 1645 946 1687 stou
976 1632 1141 1705 praemisso
1163 1632 1278 1707 legitur

152 1739 204 1790 out
228 1751 252 1790 c.
273 1736 309 1790 61
339 1730 403 1806 (72,
426 1734 486 1800 22),
513 1733 553 1791 82
578 1729 639 1801 (97,
666 1728 726 1806 13),
757 1735 816 1790 114
845 1730 929 1807 (146,
954 1729 1015 1809 14),
1047 1737 1107 1794 120
1129 1735 1211 1805 (158,
1234 1733 1279 1814 6),

154 1839 215 1895 124
238 1832 327 1907 (170,
353 1832 419 1910 17),
449 1842 516 1908 post
538 1849 576 1890 ue
599 1851 622 1891 e.
648 1836 687 1893 78
711 1827 779 1911 (92,
802 1832 848 1903 6);
880 1839 947 1909 post
969 1836 1151 1908 ue-qur'deru
1182 1856 1206 1896 0.
1231 1842 1274 1899 88

153 1940 238 2014 (104,
253 1933 298 2007 9),
321 1941 390 2012 post
412 1951 467 1993 uec
490 1932 561 2006 (1.0.
584 1941 613 1993 01
637 1935 708 2006 000)
733 1939 835 1995 0110
858 1934 1026 2014 (136,11),
1050 1942 1109 1998 112
1133 1937 1217 2017 (140,
1234 1937 1275 2018 6),

155 2045 213 2100 123
238 2039 320 2111 (165,
338 2036 398 2110 13).
442 2057 479 2096 0.
503 2038 698 2096 11001100οΠ
722 2037 739 2106 ,ξ
757 2042 825 2108 168,
842 2042 868 2097 6.

238 2141 352 2200 Deinde
375 2146 427 2198 aut
450 2141 477 2198 in
501 2140 784 2216 interrogationibus
807 2159 897 2215 saepe
913 2141 1043 2216 ponitur.
1087 2160 1122 2201 ac
1145 2146 1274 2220 primum

151 2245 269 2322 quidem
303 2242 379 2302 duae
416 2243 582 2302 sententiae
613 2243 847 2319 interrogativae
879 2243 1009 2304 directae
1040 2247 1188 2321 particula
1219 2252 1274 2305 cut

153 2348 231 2406 inter
253 2363 285 2404 se
308 2346 538 2422 coniunguntur,
562 2344 737 2420 plerumque
760 2345 809 2417 lta,
833 2345 915 2404 utin
940 2347 1104 2422 posteriore
1124 2350 1274 2409 sententia

149 2449 318 2509 accuratius
340 2447 535 2523 interrogatio
559 2450 720 2522 repetatur.
765 2448 801 2505 cf.
825 2467 850 2506 c.
867 2452 906 2509 13
930 2447 993 2525 (14,
1009 2447 1072 2526 20),
1097 2453 1135 2509 14
1151 2449 1214 2527 (15,
1230 2449 1272 2523 3),

152 2558 188 2612 17
214 2548 352 2625 (18‚14)‚
377 2555 416 2610 95
440 2549 578 2628 (115,1),
603 2554 667 2612 100,
679 2548 762 2622 (121,
782 2555 841 2626 14),
868 2555 924 2612 101
944 2550 1027 2626 (122,
1043 2549 1084 2624 8),
1110 2558 1168 2613 107
1187 2552 1271 2632 (129,

151 2653 211 2731 16),
237 2659 294 2716 132
319 2652 485 2730 (185,14),
510 2657 569 2712 134
591 2653 674 2729 (188,
696 2651 735 2729 7),
761 2658 819 2714 136
844 2652 987 2731 (197,1),
1019 2659 1077 2715 122
1102 2655 1272 2732 (16318).

148 2757 312 2817 indirectae
340 2760 505 2816 sententiae
528 2757 759 2832 interrogativae
790 2758 937 2833 particula
966 2764 1018 2815 out
1045 2759 1272 2836 conlunguntur

147 2935 333 3004 scriptoribus
361 2936 535 3003 desumptus,
569 2949 639 3002 quos
666 2935 787 2988 contulit
814 2936 1001 2991 Buechelerus
1029 2938 1059 2990 iu
1086 2938 1174 3008 symb.
1203 2939 1270 3006 phil.

147 3021 235 3075 Boun.
258 3037 284 3088 p.
298 3026 330 3074 52
350 3027 377 3074 et
396 3022 447 3083 63).
492 3018 629 3073 Studerus
652 3020 718 3073 inde
745 3022 879 3088 consequi
907 3027 988 3089 putat
1010 3024 1171 3077 Petronium
1195 3023 1270 3078 huuc

146 3106 235 3159 locum
256 3105 422 3159 scribentem
442 3104 551 3158 Claudii
571 3110 695 3172 tempora
713 3113 869 3172 spectasse,
899 3106 949 3160 sed
977 3108 1117 3174 quomodo
1141 3108 1215 3163 inter
1238 3125 1269 3164 00

88 3210 90 3213 ·
147 3196 319 3259 congruunt,
338 3190 512 3258 quodmodo
531 3189 665 3243 causidici
684 3188 831 3243 artificium
850 3196 979 3244 nontam
999 3192 1100 3246 bouum
1121 3209 1182 3248 esse
1201 3195 1270 3250 dici·

145 3282 203 3343 tur,
223 3290 306 3343 quam
324 3275 505 3328 tonstreinum
524 3282 553 3328 01
570 3274 764 3342 praeconium,
791 3276 873 3329 modo
892 3291 979 3344 puero
997 3274 1122 3331 Phileros
1147 3278 1268 3333 causidi-

146 3377 195 3416 cus
214 3361 384 3427 ostenditur,
416 3375 498 3428 quem
518 3360 694 3412 aemuletur?
729 3360 757 3413 in
777 3361 969 3416 verbis‘ccrte
987 3362 1157 3416 causidicum
1176 3379 1267 3418 corrn-

144 3447 248 3514 ptelam
267 3445 354 3499 latere
372 3452 454 3513 puto,
479 3459 550 3512 quac
569 3445 689 3499 fortasse
707 3446 767 3498 tolli
785 3452 888 3514 potest,
916 3446 940 3500 si
959 3447 1062 3501 utimur
1080 3445 1178 3516 fragm.
1197 3449 1267 3502 VIII

144 3539 182 3600 (p.
202 3535 263 3598 208)
282 3547 298 3584 a
316 3531 463 3596 Fulgentio
482 3537 633 3594 asservato,
653 3530 701 3597 qui
720 3529 829 3583 scribit:
852 3531 1011 3586 Tricerberi
1027 3539 1118 3587 autem
1135 3533 1266 3603 fabulam

143 3620 198 3672 iarn
215 3618 348 3687 superius
367 3617 552 3687 exposuimus
571 3617 599 3669 iu
618 3615 729 3669 modum
747 3616 831 3686 iurpir'
845 3618 1035 3687 forensisque
1046 3618 1125 3688 titipii
1135 3621 1266 3689 positum,

143 3703 218 3758 urrde
237 3711 264 3757 et
282 3703 435 3758 Petronius
454 3703 481 3755 iu
496 3702 619 3756 Euscion
639 3702 693 3756 uit:
712 3700 850 3756 Cerberus
867 3704 996 3771 forensis
1015 3710 1078 3758 erut
1095 3705 1265 3760 causidicus.

144 3788 268 3843 lduscion
286 3803 432 3856 personam
452 3802 514 3840 esse
533 3787 635 3840 debere
648 3787 844 3841 Petronianum
857 3787 1045 3842 Buechelerus
1064 3789 1168 3857 optime
1180 3791 1262 3857 vidit,

142 3875 263 3927 tortasse
281 3879 372 3926 antem
392 3872 516 3926 Euscion
540 3886 574 3924 ex
593 3861 716 3935 Ia‘cbiuu,
744 3872 790 3941 qui
809 3879 906 3926 nostro
925 3872 985 3927 loco
1004 3873 1141 3942 loquitur,
1167 3889 1261 3929 corru-

143 3967 220 4027 ptum
239 3966 284 4013 est
296 3974 404 4025 nomen,
423 3968 451 4011 et
464 3973 514 4026 pro
527 3962 601 4011 certe
614 3956 795 4021 causidicum,
814 3957 890 4027 quod
903 3958 1078 4024 glossematis
1092 3959 1264 4029 100000001-

142 4044 274 4112 scriptum
293 4041 382 4098 101000
400 4042 563 4111 putaverim,
582 4041 727 4096 tertuum
742 4041 891 4112 sorensem
907 4044 1059 4111 vestigium
1072 4049 1117 4098 001
1128 4047 1265 4112 genuinae

142 4130 304 4197 scripturae.
340 4129 390 4182 sed
411 4143 515 4194 vereor,
539 4142 573 4182 ue
591 4128 645 4180 iam
665 4128 761 4181 ludere
779 4126 868 4193 magis
887 4128 990 4195 videar,
1010 4143 1092 4196 quam
1111 4126 1264 4199 explicare,

141 4215 291 4283 gauderem
310 4221 409 4283 100100,
428 4214 452 4268 01
469 4213 532 4281 quis
550 4211 745 4268 difficultatum
764 4213 867 4268 leviore
885 4214 1006 4268 remedio
1024 4215 1143 4269 tolleret
