2744 4656
12 4317 40 4516 i

642 408 660 480 ᾖ
683 415 711 471 2.
755 410 840 473 Que.

268 532 313 589 De
343 548 398 589 usn
428 530 594 606 particulae
624 546 681 602 qne
711 531 836 606 primum
867 530 896 588 id
928 531 1053 590 maxime
1074 530 1240 590 notandum
1262 535 1302 591 est

183 651 331 709 nusquam
355 652 419 692 eam
443 633 571 692 inveniri
594 633 624 691 in
640 633 760 692 rusticis
776 632 844 692 libri
859 633 1033 693 Petroniani
1049 633 1194 709 partibus.
1225 634 1301 711 quod

183 734 302 810 quidem
334 753 404 794 casu
437 753 496 794 non
526 739 625 810 potest
655 734 812 812 accidisse,
842 736 981 813 quoniam
1012 735 1042 794 in
1064 736 1129 795 aliis
1150 736 1217 796 libri
1240 756 1302 813 par·

183 836 261 896 tibus
288 837 318 895 in
346 855 528 914 unaquaque
551 837 662 914 pagina
684 839 855 915 saepissime
873 839 1036 898 invenitur.
1081 856 1118 898 ex
1140 857 1202 916 quo
1225 844 1304 900 certe

183 938 323 1018 concludi
346 942 445 1014 potest
468 955 525 1012 que
545 940 722 1015 particulam
737 941 871 1000 Petronii
886 940 1069 1017 temporibus
1085 940 1122 1000 ab
1138 942 1304 1002 hominihus

183 1041 340 1101 humiliore
363 1042 427 1101 loco
451 1043 527 1102 natis
551 1043 669 1102 omnino
693 1062 752 1103 non
777 1047 951 1119 usurpatam
974 1041 1120 1116 fuisse.¹⁸)
1165 1063 1232 1103 oum
1250 1046 1304 1104 heo

184 1144 391 1205 observatione
415 1146 525 1222 optime
546 1145 664 1205 videtur
679 1164 856 1223 congruere,
878 1145 959 1222 qnod
975 1162 1033 1219 qne
1048 1147 1077 1205 in
1094 1147 1304 1224 antiquissimis

182 1248 299 1324 legibus
327 1247 454 1324 aliisque
480 1250 681 1308 Romanorum
709 1247 835 1324 publicis
859 1247 1060 1327 documentis,
1093 1253 1127 1308 ut
1148 1250 1178 1308 in
1202 1250 1303 1311 decem

182 1351 309 1428 tabulis,
346 1350 376 1409 in
406 1351 543 1410 columna
573 1354 717 1426 rostrata,
757 1352 787 1409 in
824 1351 997 1429 Scipionum
1029 1352 1114 1412 titulo
1146 1354 1304 1430 sepulcrali

184 1455 275 1513 multo
307 1454 427 1530 saepius
458 1454 624 1532 invenitur,
656 1472 745 1529 quam
776 1458 803 1512 ei
834 1455 949 1514 velue.
993 1453 1112 1514 videtur
1134 1456 1226 1531 igitur
1249 1473 1304 1530 que

182 1558 400 1633 posterioribus
423 1557 606 1634 temporibus
628 1557 727 1616 rarius
750 1557 929 1628 adhibitum,
960 1575 1078 1635 semper
1100 1562 1199 1626 autem
1223 1559 1303 1618 nobi·

182 1659 248 1719 liori
277 1662 393 1719 tantum
424 1659 543 1718 dicendi
573 1659 883 1736 gene1·i·usurpatnm
913 1659 1013 1720 fuisse.
1065 1660 1205 1736 idemque
1235 1660 1304 1720 inde

183 1779 303 1839 quoque
326 1761 446 1821 videtur
470 1762 608 1821 concludi
631 1780 735 1838 posse,
763 1762 844 1838 quod
866 1763 895 1822 in
921 1763 1072 1839 plerisque
1096 1764 1201 1840 certis,
1225 1763 1304 1823 haud

182 1884 251 1925 raro
275 1865 468 1924 sollemnibus
493 1865 637 1936 formulis,
660 1865 689 1924 in
714 1866 822 1942 quibus
845 1865 921 1924 duae
945 1867 1080 1925 notiones
1096 1866 1174 1925 inter
1191 1885 1222 1926 se
1236 1885 1303 1926 eon·

183 1969 358 2044 iunguntur,
381 1984 438 2040 que
461 1969 617 2045 particula,
639 1969 849 2028 mulierarius
870 1973 969 2028 autem
985 1969 1060 2028 aliae
1077 1969 1305 2029 coniunctiones

184 2075 376 2148 usurpantur.
431 2089 557 2146 quarum
595 2070 789 2131 formularum
827 2071 936 2130 multas
969 2072 1099 2130 afferunt
1132 2073 1304 2148 Draegerus

183 2172 213 2246 (b
230 2177 299 2244 314,
317 2170 348 2245 8)
372 2176 402 2231 et
424 2172 607 2232 Kuelrnerus
629 2173 669 2240 (ll
685 2173 702 2244 ἓ
719 2177 789 2250 152,
806 2170 850 2245 2),
874 2173 982 2250 quibus
1005 2193 1042 2232 ex
1064 2174 1209 2233 Petronio
1232 2194 1304 2233 non-

183 2276 267 2335 nulla
299 2274 411 2334 addere
441 2275 543 2333 liceat:
586 2290 662 2349 rope
691 2291 862 2349 quaesoque
893 2295 917 2335 c.
940 2279 979 2336 99
1010 2273 1094 2354 (119,
1118 2273 1185 2348 15),
1222 2278 1305 2336 intro

182 2491 306 2559 ipsorum
324 2489 413 2558 ponit,
430 2490 578 2544 Petronius
598 2504 706 2558 semper
726 2491 766 2545 ait
782 2490 827 2544 vel
846 2490 941 2546 aiebat
952 2491 1031 2559 ponit
1043 2495 1108 2559 post
1119 2491 1207 2558 prims.
1219 2492 1305 2547 verba

183 2575 357 2644 insequentis
376 2575 519 2630 sermonis.
557 2598 562 2608 ·
750 2566 752 2569 ’

271 2681 302 2744 ¹⁸)
329 2678 416 2742 eram
435 2678 661 2733 observationem
681 2678 729 2747 qui
747 2678 880 2733 videntur
902 2678 1023 2733 refutare
1041 2679 1097 2733 loci
1115 2681 1195 2734 aliter
1218 2681 1305 2750 expli-

183 2763 264 2817 candi
289 2768 362 2818 sunt.
398 2763 516 2832 primum
543 2764 614 2817 enim
642 2765 808 2818 sententiam
832 2765 994 2834 abruptam,
1018 2780 1090 2833 quae
1107 2765 1212 2833 legitur
1231 2783 1254 2820 c.
1273 2771 1304 2819 55

181 2855 235 2915 (69,
253 2854 280 2902 4:
313 2848 417 2918 {linque
437 2866 545 2903 summa
564 2850 695 2904 carminis
717 2867 804 2920 penes
821 2849 953 2921 Mopsum
974 2850 1110 2905 Thracem
1134 2857 1305 2907 commorata

183 2938 238 3001 est)
263 2934 450 2989 Buechelerns
477 2935 506 2988 in
529 2934 651 2989 editione
676 2937 830 2989 recentiore
856 2951 880 2988 a.
901 2941 961 2990 1811
983 2953 1010 3004 p.
1029 2942 1070 2998 31,
1092 2942 1120 2990 15
1149 2944 1224 2992 recte
1242 2953 1304 2990 cum

182 3020 323 3088 prioribus
341 3020 496 3073 editoribus
522 3019 570 3087 (of.
590 3021 633 3074 ed.
651 3021 744 3074 Burm.
762 3038 790 3089 p.
803 3024 864 3085 349)
882 3021 1026 3090 Encolpio,
1053 3038 1124 3089 non,
1151 3023 1228 3074 utin
1247 3023 1304 3076 edi-

182 3104 257 3160 tione
280 3121 303 3158 a.
325 3108 403 3166 1862,
433 3104 630 3159 Trimalchioni
657 3106 702 3160 vel
729 3106 860 3161 libertino
890 3106 999 3160 cuidam
1027 3108 1133 3163 tribuit.
1151 3139 1185 3146 —
1204 3107 1304 3162 deinde

182 3189 349 3244 Trimalchio
368 3189 512 3261 Scylacem
531 3202 626 3244 canem
645 3191 745 3246 adduci
764 3191 851 3259 iubet,
866 3192 1042 3264 praesidium
1055 3193 1154 3247 domus
1164 3193 1304 3262 faeniliae·

182 3293 245 3347 pne.
281 3291 352 3343 quae
370 3276 469 3343 verba,
488 3291 644 3345 quanquam
664 3277 782 3346 scriptor
800 3277 867 3331 nihil
888 3278 922 3331 de
940 3277 991 3331 hac
1008 3293 1038 3332 re
1061 3278 1141 3332 addit
1165 3280 1304 3347 usquein

182 3354 416 3430 praecedentibus
443 3362 533 3429 ipsius
551 3361 762 3416 Trimalchionis
785 3362 871 3417 verba
895 3362 987 3430 affert,
1015 3369 1089 3418 certe
1108 3363 1304 3418 Trimalchioni

184 3446 331 3500 tribuenda
349 3452 424 3514 sunt,
444 3455 475 3500 nt
492 3452 567 3502 recte
586 3446 773 3502 Buechelerns
792 3447 919 3515 adnotat,
939 3449 989 3502 sed
1008 3447 1075 3503 haec
1093 3455 1138 3504 est
1156 3455 1233 3504 certa
1251 3449 1303 3503 for-

182 3532 255 3584 mula
282 3530 395 3600 saepius
422 3532 560 3597 adhibita,
587 3537 619 3585 ut
645 3534 727 3586 docet
752 3533 830 3586 locus
855 3531 1039 3601 Theophrast.
1058 3534 1132 3588 char.
1150 3540 1210 3589 ο.4
1237 3532 1305 3605 περὶ

183 3608 334 3686 ἀγροικίας
352 3633 379 3684 p.
401 3620 503 3685 12611
525 3617 568 3671 ed.
586 3618 732 3672 Petersen:
771 3613 909 3680 ,καὶτὸν
931 3614 1004 3672 κύνα
1028 3615 1305 3689 προσκαλεσάμενος

182 3700 232 3756 καὶ
251 3696 461 3772 ἐπιλαβόμενος
478 3706 531 3756 τοῦ
550 3697 674 3773 ῥύγχους
688 3698 792 3755 εἰπεῖν·
815 3691 903 3767 Οὗτος
921 3699 1059 3772 φυλάττει
1077 3698 1109 3757 τὸ
1127 3702 1237 3774 χωρίον
1255 3703 1304 3759 καὶ
1349 3756 1351 3760 .

181 3782 233 3856 τὴν
252 3783 371 3842 οἰκίαν.“
390 3821 424 3826 -
443 3789 543 3842 tertius
562 3788 684 3856 denique
702 3789 781 3842 loeus
806 3795 881 3842 certe
904 3794 1052 3857 corruptus
1072 3794 1128 3856 est,
1156 3790 1185 3843 in
1213 3791 1304 3859 capite

182 3873 255 3926 enim
274 3876 378 3940 65111,
398 3877 443 3939 21)
461 3874 522 3927 eod.
541 3873 579 3926 ita
598 3872 693 3926 habet:
723 3873 873 3929 Habinnas
891 3876 968 3929 sevir
991 3879 1032 3929 est
1050 3874 1177 3945 idemque
1195 3875 1304 3946 lapida-

182 3960 258 4023 rius,
286 3959 335 4029 qui
360 3959 500 4014 uideretur
530 3964 706 4013 monumento
733 3960 835 4029 optime
854 3960 964 4030 faeere.
1004 3959 1144 4028 posterior
1167 3961 1305 4015 enuntiati

182 4060 256 4112 pars,
274 4045 341 4112 quin
359 4045 524 4112 gravissime
542 4049 674 4112 corrupta
692 4046 736 4112 sit,
754 4044 831 4098 nulla
849 4051 1017 4114 potestesse
1031 4046 1170 4099 dubitatio
1183 4046 1304 4115 ideoque

183 4144 216 4182 eo
243 4130 420 4184 verisimilius
447 4136 492 4184 est
518 4130 702 4198 corruptelam
730 4131 814 4198 paulo
832 4130 917 4185 latius
944 4137 1040 4199 patere
1066 4136 1094 4185 et
1111 4148 1165 4201 que
1192 4148 1305 4201 quoque

186 4230 242 4268 non
260 4220 334 4268 recte
353 4230 383 4269 se
401 4213 511 4283 habere,
528 4214 582 4269 nisi
600 4213 673 4270 forte
686 4215 818 4285 idemque
836 4221 912 4269 certa
930 4216 1065 4284 quaedam
1083 4214 1200 4272 formula
1218 4225 1271 4274 est.
